% This file was created with JabRef 2.8.
% Encoding: UTF-8

@PREAMBLE{
"\def\cprime{$'$} "
}

@STRING{aps = {IEEE Transactions on Antennas and Propagation}}

@STRING{el = {Electronics Letters}}

@STRING{em = {Electromagnetics}}

@STRING{emc = {IEEE Transactions on Electromagnetic Compatibility}}

@STRING{jaces = {Applied Computational Electromagnetics Society Journal}}

@STRING{jewa = {Journal of Electromagnetic Waves and Applications}}

@STRING{mgwl = {IEEE Microwave Guided Wave Letters}}

@STRING{motl = {Microwave and Optical Technology Letters}}

@STRING{mtt = {IEEE Transactions on Microwave Theory and Techniques}}

@STRING{mwcl = {IEEE Microwave and Wireless Components Letters}}

@TECHREPORT{AR06,
  author = {R. Acevedo and R. Rodr\'{\i}guez},
  title = {Analysis of the ${{\bf A}},{V}-{{\bf A}}-\psi$ potential formulation
	for the eddy current problem in a bounded domain},
  institution = {Universidad de Concepci\'on},
  year = {2006},
  type = {Preprint DIM},
  number = {2006-28},
  address = {Concepci\'on, Chile},
  note = {To appear in Electr. Trans. Numer. Anal.}
}

@BOOK{Adams,
  title = {Sobolev spaces},
  publisher = {Academic Press, New York-London},
  year = {1975},
  author = {Adams, Robert A.},
  pages = {xviii+268},
  note = {Pure and Applied Mathematics, Vol. 65},
  mrclass = {46E35},
  mrnumber = {MR0450957 (56 \#9247)},
  mrreviewer = {A. Kufner}
}

@ARTICLE{ALO97,
  author = {A. Alonso},
  title = {A mathematical justification of the low-frequency heterogeneous time-harmonic
	{M}axwell equations},
  journal = {Math. Models Methods Appl. Sci.},
  year = {1999},
  volume = {9},
  pages = {475-489},
  number = {3}
}

@ARTICLE{ALV99,
  author = {A. Alonso and A. Valli},
  title = {An optimal domain decomposition preconditioner for low-frequency
	time-harmonic {M}axwell equations},
  journal = {Math. Comp.},
  year = {1999},
  volume = {68},
  pages = {607-631},
  number = {226}
}

@ARTICLE{ALV97,
  author = {A. Alonso and A. Valli},
  title = {A domain decomposition approach for heterogeneous time-harmonic {M}axwell
	equations},
  journal = {Comput. Meth. Appl. Mech. Engrg.},
  year = {1997},
  volume = {143},
  pages = {97-112}
}

@ARTICLE{ALV96,
  author = {A. Alonso and A. Valli},
  title = {Some remarks on the characterization of the space of tangential traces
	of {$H({\rm rot};\Omega)$} and the construction of an extension operator},
  journal = {Manuscripta Mathematica},
  year = {1996},
  volume = {89},
  pages = {159--178}
}

@TECHREPORT{AV08,
  author = {Alonso Rodr{\'{\i}}guez, Ana and Valli, Alberto},
  title = {Voltage and current excitation for time-harmonic eddy-current problem},
  institution = {Department of Mathematics, University of Trento},
  year = {2008},
  type = {Report UTM},
  number = {716}
}

@INCOLLECTION{AFV03b,
  author = {A. {Alonso Rodr{\'\i}guez} and P. Fernandes and A. Valli},
  title = {The time-harmonic eddy-current problem in general domains: solvability
	via scalar potentials},
  booktitle = {Computational {E}lectromagnetics},
  publisher = {Springer},
  year = {2003},
  editor = {C. Carstensen and S. Funken and W. Hackbusch and R.H.W. Hoppe and
	P. Monk},
  pages = {143-163},
  address = {Berlin}
}

@ARTICLE{AFV03,
  author = {A. {Alonso Rodr{\'\i}guez} and P. Fernandes and A. Valli},
  title = {Weak and strong formulations for the time-harmonic eddy-current problem
	in general multi-connected domains},
  journal = {European J. Appl. Math.},
  year = {2003},
  volume = {14},
  pages = {387--406}
}

@ARTICLE{AHV05,
  author = {A. {Alonso Rodr{\'\i}guez} and R. Hiptmair and A. Valli},
  title = {A Hybrid Formulation of Eddy Current Problems},
  journal = {Numer. Methods Partial Differential Equations},
  year = {2005},
  volume = {21},
  pages = {742-763}
}

@ARTICLE{AHV04,
  author = {A. {Alonso Rodr{\'\i}guez} and R. Hiptmair and A. Valli},
  title = {Mixed Finite Element Approximation of Eddy Current Problems},
  journal = {IMA J. Numer. Anal.},
  year = {2004},
  volume = {24},
  pages = {255-271}
}

@TECHREPORT{AHV04b,
  author = {A. {Alonso Rodr{\'\i}guez} and R. Hiptmair and A. Valli},
  title = {Hybrid Formulations of Eddy Current Problems},
  institution = {Department of Mathematics, University of Trento},
  year = {2004},
  type = {Report UTM},
  number = {663}
}

@TECHREPORT{AVV07,
  author = {A. {Alonso Rodr{\'\i}guez} and A. Valli and R. V\'azquez},
  title = {A formulation of the eddy-current problem in the presence of electric
	ports},
  institution = {Department of Mathematics, University of Trento},
  year = {2008},
  type = {{R}eport {UTM}},
  number = {720}
}

@ARTICLE{ABF02,
  author = {H. Ammari and G. Bao and J. L. Fleming},
  title = {An inverse source problem for {M}axwell's equations in Magnetoencephalography},
  journal = {SIAM J. Appl. Math.},
  year = {2002},
  volume = {62},
  pages = {1369-1382},
  number = {4}
}

@ARTICLE{ABN98,
  author = {H. Ammari and A. Buffa and J.-C. N\'ed\'elec},
  title = {A justification of eddy currents model for the {M}axwell equations},
  journal = {SIAM J. Appl. Math.},
  year = {2000},
  volume = {60},
  pages = {1805--1823}
}

@INCOLLECTION{AN1998b,
  author = {Ammari, Habib and N{\'e}d{\'e}lec, Jean-Claude},
  title = {Coupling integral equations method and finite volume elements for
	the resolution of the {L}eontovich boundary value problem for the
	time-harmonic {M}axwell equations in three-dimensional heterogeneous
	media},
  booktitle = {Mathematical {A}spects of {B}oundary {E}lement {M}ethods (Palaiseau,
	1998)},
  publisher = {Chapman \& Hall/CRC, Boca Raton, FL},
  year = {2000},
  volume = {414},
  series = {Chapman \& Hall/CRC Res. Notes Math.},
  pages = {11--22},
  mrclass = {65N30 (78M10)},
  mrnumber = {MR1719900}
}

@INCOLLECTION{AN1999,
  author = {Ammari, Habib and N{\'e}d{\'e}lec, Jean-Claude},
  title = {Coupling of finite and boundary element methods for the time-harmonic
	{M}axwell equations. {II}. {A} symmetric formulation},
  booktitle = {The {M}az\cprime ya {A}nniversary {C}ollection, Vol. 2 (Rostock,
	1998), J. Rossmann, P. Tak\'a\v c and G. Wildenhain, eds.},
  publisher = {Birkh{\"a}user},
  year = {1999},
  pages = {23--32},
  address = {Basel},
  mrclass = {65M60 (35Q60 78M25)},
  mrnumber = {MR1747886 (2001c:65117)}
}

@INCOLLECTION{AN1998a,
  author = {Ammari, Habib and N{\'e}d{\'e}lec, Jean-Claude},
  title = {Couplage \'el\'ements finis/\'equations int\'egrales pour la r\'esolution
	des \'equations de {M}axwell en milieu h\'et\'erog\`ene},
  booktitle = {\'Equations aux {D}\'eriv\'ees {P}artielles et {A}pplications},
  publisher = {Gauthier-Villars},
  year = {1998},
  pages = {19--33},
  address = {Paris},
  mrclass = {65N30 (35Q60 45L05 78-08 78A25)},
  mrnumber = {MR1648213 (99i:65122)},
  mrreviewer = {P. Rochus}
}

@ARTICLE{ABDG,
  author = {C. Amrouche and C. Bernardi and M. Dauge and V. Girault},
  title = {Vector potentials in three--dimensional nonsmooth domains},
  journal = {Math. Meth. Appl. Sci.},
  year = {1998},
  volume = {21},
  pages = {823-864},
  number = {9}
}

@BOOK{Apel,
  title = {Anisotropic finite elements: local estimates and applications},
  publisher = {B. G. Teubner},
  year = {1999},
  author = {Apel, Thomas},
  pages = {261},
  series = {Advances in Numerical Mathematics},
  address = {Stuttgart},
  isbn = {3-519-02744-5},
  mrclass = {65-02 (65N15 65N30)},
  mrnumber = {1716824 (2000k:65002)},
  mrreviewer = {G. Albinus}
}

@ARTICLE{ASWB13,
author={Apostolatos, A. and Schmidt, R. and WÃ¼chner, R. and Bletzinger, K.-U.},
title={A {N}itsche-type formulation and comparison of the most common domain decomposition methods in isogeometric analysis},
journal = {Internat. J. Numer. Methods Engrg.},
fjournal={International Journal for Numerical Methods in Engineering},
year={2014},
volume={97},
number={7},
pages={473-504},
}

@ARTICLE{Arnold_elasticity,
  author = {Arnold, Douglas},
  title = {Lecture note on Linear Plate Theory: modeling, Analysis, and Computation}
}

@ARTICLE{AFW-2,
  author = {Arnold, Douglas N. and Falk, Richard S. and Winther, Ragnar},
  title = {Finite element exterior calculus: from {H}odge theory to numerical
	stability},
  journal = {Bull. Amer. Math. Soc. (N.S.)},
  year = {2010},
  volume = {47},
  pages = {281--354},
  number = {2},
  coden = {BAMOAD},
  fjournal = {American Mathematical Society. Bulletin. New Series},
  issn = {0273-0979},
  mrclass = {58A14 (65N30)},
  mrnumber = {2594630 (2011f:58005)},
  mrreviewer = {Satyendra K. Tomar}
}

@ARTICLE{AFW06,
  author = {Arnold, Douglas N. and Falk, Richard S. and Winther, Ragnar},
  title = {Finite element exterior calculus, homological techniques, and applications},
  journal = {Acta Numer.},
  year = {2006},
  volume = {15},
  pages = {1--155},
  fjournal = {Acta Numerica},
  issn = {0962-4929},
  mrclass = {58A15 (47N40 65N30 74G15 74S05)},
  mrnumber = {MR2269741 (2007j:58002)},
  mrreviewer = {Thomas Garrity}
}

@ARTICLE{ACS00,
  author = {Assous, F. and Ciarlet, Jr., P. and Segr{\'e}, J.},
  title = {Numerical solution to the time-dependent {M}axwell equations in two-dimensional
	singular domains: the singular complement method},
  journal = {J. Comput. Phys.},
  year = {2000},
  volume = {161},
  pages = {218--249},
  number = {1},
  coden = {JCTPAH},
  fjournal = {Journal of Computational Physics},
  issn = {0021-9991},
  mrclass = {78M10 (65M70)},
  mrnumber = {MR1762079 (2001a:78046)}
}

@ARTICLE{Astrahancev1978,
  author = {Astrahancev, G. P.},
  title = {The method of fictitious domains for a second order elliptic equation
	with natural boundary conditions},
  journal = {\v Z. Vy\v cisl. Mat. i Mat. Fiz.},
  year = {1978},
  volume = {18},
  pages = {118--125, 269},
  number = {1},
  fjournal = {Akademija Nauk SSSR. \v Zurnal Vy\v cislitel\cprime no\u\i\ Matematiki
	i Matemati\v cesko\u\i\ Fiziki},
  issn = {0044-4669},
  mrclass = {65N20},
  mrnumber = {MR0468228 (57 \#8066)}
}

@ARTICLE{auricchio2007fully,
  author = {Auricchio, F. and Beir{\~a}o da Veiga, L. and Buffa, A. and Lovadina,
	C. and Reali, A. and Sangalli, G.},
  title = {{A fully "locking-free" isogeometric approach for plane linear elasticity
	problems: a stream function formulation}},
  journal = {Comput. Methods Appl. Mech. Engrg.},
  year = {2007},
  volume = {197},
  pages = {160--172},
  number = {1-4},
  publisher = {Elsevier}
}

@ARTICLE{Auricchio_BeiraodaVeiga_Hughes,
  author = {Auricchio, F. and Beir{\~a}o da Veiga, L. and Hughes, T. J. R. and
	Reali, A. and Sangalli, G.},
  title = {Isogeometric collocation methods},
  journal = {Math. Models Methods Appl. Sci.},
  year = {2010},
  volume = {20},
  pages = {2075-2107},
  number = {11},
  fjournal = {Mathematical Models and Methods in Applied Sciences}
}


@ARTICLE{Collocation2,
  author = {Auricchio, F. and {Beir{\~a}o da Veiga}, L. and Hughes, T. J. R. and
	Reali, A. and Sangalli, G.},
  title = {Isogeometric collocation for
elastostatics and explicit dynamics},
  journal = {Comput. Meth. Appl. Mech. Engrg.},
  year = {2012},
  volume = {249--252},
  pages = {2-14},
  fjournal = {Computer Methods in Applied Mechanics and Engineering}
}


@ARTICLE{ACHRS12,
  author = {F. Auricchio and F. Calabr\`o and T.J.R. Hughes and A. Reali and
	G. Sangalli},
  title = {A simple algorithm for obtaining nearly optimal quadrature rules
	for {NURBS}-based isogeometric analysis },
  journal = {Comput. Methods Appl. Mech. Engrg.},
  year = {2012},
  volume = {249--252},
  pages = {15 - 27},
  fjournal = {Computer Methods in Applied Mechanics and Engineering},
  issn = {0045-7825}
}

@ARTICLE{Auricchio_BeiraodaVeiga_Lovadina,
  author = {F. Auricchio and L. {Beir{\~a}o da Veiga} and C. Lovadina and A. Reali},
  title = {The importance of the exact satisfaction of the incompressibility
	constraint in nonlinear elasticity: mixed {FEM}s versus {NURBS}-based
	approximations},
  journal = {Comput. Methods Appl. Mech. Engrg.},
  year = {2010},
  volume = {199},
  pages = {314 - 323},
  number = {5-8},
  fjournal = {Computer Methods in Applied Mechanics and Engineering},
  issn = {0045-7825},
  keywords = {Incompressible nonlinear elasticity}
}

@article{Berdinsky201486,
title = "Dimensions and bases of hierarchical tensor-product splines ",
fjournal = "Journal of Computational and Applied Mathematics ",
journal = {J. Comput. Appl. Math.},
volume = "257",
pages = "86 - 104",
year = "2014",
note = "",
issn = "0377-0427",
doi = "http://dx.doi.org/10.1016/j.cam.2013.08.019",
url = "http://www.sciencedirect.com/science/article/pii/S037704271300424X",
author = "Dmitry Berdinsky and Tae-wan Kim and Cesare Bracco and Durkbin Cho and Bernard Mourrain and Min-jae Oh and Sutipong Kiatpanichgij",
}

@ARTICLE{BP89,
  author = {O. B{\'\i}r\'o and K. Preis},
  title = {On the use of magnetic vector potential in the finite element analysis
	of three-dimensional eddy currents},
  journal = {IEEE Trans. Magn.},
  year = {1989},
  volume = {25},
  pages = {3145--3159}
}

@ARTICLE{BPBT04,
  author = {O. B{\'\i}r\'o and K. Preis and G. Buchgraber and I. Ti{\v c}ar},
  title = {Voltage-driven coils in finite-element formulations using a current
	vector and a magnetic scalar potential},
  journal = {IEEE Trans. Magn.},
  year = {2004},
  volume = {40},
  pages = {1286--1289}
}

@ARTICLE{BPRVR93,
  author = {O. B{\'\i}r\'o and K. Preis and W. Renhart and G. Vrisk and K. R.
	Richter},
  title = {Computation of 3-{D} current driven skin effect problems using a
	current vector potential},
  journal = {IEEE Trans. Magn.},
  year = {1993},
  volume = {29},
  pages = {1325--1328}
}

@ARTICLE{BV07,
  author = {O. B\'{\i}ro and A. Valli},
  title = {The {C}oulomb gauged vector potential formulation for the eddy-current
	problem in general geometry: {w}ell-posedness and numerical approximation},
  journal = {Comput. Methods Appl. Mech. Engrg.},
  year = {2007},
  volume = {196},
  pages = {1890--1904}
}

@ARTICLE{Babuska_Banerjee_Osborn_2004,
  author = {I. Babu{\v{s}}ka and U. Banerjee and J. Osborn},
  title = {On the approximability and the selection of particle shape functions},
  journal = {Numer. Math.},
  year = {2004},
  volume = {96},
  pages = {601--640}
}

@ARTICLE{Babuska_Galoz_Osborn_1994,
  author = {I. Babu{\v{s}}ka and G. Caloz and J. Osborn},
  title = {Special finite element methods for a class of second order elliptic
	problems with rough coefficients},
  journal = {SIAM J. Numer. Anal.},
  year = {1994},
  volume = {31},
  pages = {945--981},
  number = {4},
  fjournal = {SIAM Journal on Numerical Analysis}
}

@ARTICLE{Babuska_Melenk_1,
  author = {I. Babu{\v{s}}ka and J. Melenk},
  title = {The partition of unity method},
  journal = {Internat. J. Numer. Methods Engrg.},
  year = {1997},
  volume = {40},
  pages = {727--758},
  number = {4},
  fjournal = {International Journal for Numerical Methods in Engineering}
}

@book {Babuska_book,
    AUTHOR = {Babu{\v{s}}ka, Ivo and Strouboulis, Theofanis},
     TITLE = {The finite element method and its reliability},
    SERIES = {Numerical Mathematics and Scientific Computation},
 PUBLISHER = {The Clarendon Press Oxford University Press},
   ADDRESS = {New York},
      YEAR = {2001},
     PAGES = {xii+802},
      ISBN = {0-19-850276-1},
   MRCLASS = {65-01 (65M15 65M60 65N15 65N30)},
  MRNUMBER = {1857191 (2002k:65001)},
MRREVIEWER = {Carsten Carstensen},
}

@ARTICLE{MR1986794,
  author = {Bacuta, Constantin and Bramble, James H. and Xu, Jinchao},
  title = {Regularity estimates for elliptic boundary value problems in {B}esov
	spaces},
  journal = {Math. Comp.},
  year = {2003},
  volume = {72},
  pages = {1577--1595 (electronic)},
  number = {244},
  coden = {MCMPAF},
  fjournal = {Mathematics of Computation},
  issn = {0025-5718},
  mrclass = {35J25 (35B65 46B70 46E35 65N15 65N30)},
  mrnumber = {MR1986794 (2004i:35077)},
  mrreviewer = {Giuseppe Mingione}
}

@ARTICLE{MR1987589,
  author = {Bacuta, C. and Bramble, J. H. and Xu, J.},
  title = {Regularity estimates for elliptic boundary value problems with smooth
	data on polygonal domains},
  journal = {J. Numer. Math.},
  year = {2003},
  volume = {11},
  pages = {75--94},
  number = {2},
  fjournal = {Journal of Numerical Mathematics},
  issn = {1570-2820},
  mrclass = {35B65 (35J25)},
  mrnumber = {MR1987589 (2004d:35027)},
  mrreviewer = {Antonia Passarelli di Napoli}
}

@ARTICLE{MR2172372,
  author = {Bacuta, C. and Chen, J. and Huang, Y. and Xu, J. and Zikatanov, L.},
  title = {Partition of unity method on nonmatching grids for the {S}tokes problem},
  journal = {J. Numer. Math.},
  year = {2005},
  volume = {13},
  pages = {157--169},
  number = {3},
  fjournal = {Journal of Numerical Mathematics},
  issn = {1570-2820},
  mrclass = {65N30 (65N12 76D07 76M10)},
  mrnumber = {MR2172372}
}

@ARTICLE{BML01,
  author = {S. Baillet and J. C. Mosher and R. M. Leahy},
  title = {Electromagnetic Brain Mapping},
  journal = {IEEE Signal Process. Mag.},
  year = {2001},
  volume = {18},
  pages = {14--30},
  number = {6}
}

@ARTICLE{MR2034616,
  author = {Bank, Randolph E. and Xu, Jinchao},
  title = {Asymptotically exact a posteriori error estimators. {I}. {G}rids
	with superconvergence},
  journal = {SIAM J. Numer. Anal.},
  year = {2003},
  volume = {41},
  pages = {2294--2312 (electronic)},
  number = {6},
  fjournal = {SIAM Journal on Numerical Analysis},
  issn = {0036-1429},
  mrclass = {65N15 (35J25)},
  mrnumber = {MR2034616 (2004k:65194)},
  mrreviewer = {Lucia Gastaldi}
}

@ARTICLE{MR2034617,
  author = {Bank, Randolph E. and Xu, Jinchao},
  title = {Asymptotically exact a posteriori error estimators. {II}. {G}eneral
	unstructured grids},
  journal = {SIAM J. Numer. Anal.},
  year = {2003},
  volume = {41},
  pages = {2313--2332 (electronic)},
  number = {6},
  fjournal = {SIAM Journal on Numerical Analysis},
  issn = {0036-1429},
  mrclass = {65N50 (65N15 65N30)},
  mrnumber = {MR2034617 (2004m:65212)},
  mrreviewer = {Lucia Gastaldi}
}

@ARTICLE{MR1379277,
  author = {Bank, Randolph E. and Xu, Jinchao},
  title = {An algorithm for coarsening unstructured meshes},
  journal = {Numer. Math.},
  year = {1996},
  volume = {73},
  pages = {1--36},
  number = {1},
  coden = {NUMMA7},
  fjournal = {Numerische Mathematik},
  issn = {0029-599X},
  mrclass = {65F10 (65N30)},
  mrnumber = {MR1379277 (97c:65055)},
  mrreviewer = {N. Gass}
}

@INCOLLECTION{MR1423810,
  author = {Bank, Randolph E. and Xu, Jinchao},
  title = {A hierarchical basis multigrid method for unstructured grids},
  booktitle = {Fast solvers for flow problems (Kiel, 1994)},
  publisher = {Vieweg},
  year = {1995},
  volume = {49},
  series = {Notes Numer. Fluid Mech.},
  pages = {1--13},
  address = {Braunschweig},
  mrclass = {76M25 (76M10)},
  mrnumber = {MR1423810 (97m:76089)},
  mrreviewer = {Rakesh Kumar Bhatnagar}
}

@INCOLLECTION{MR1312390,
  author = {Bank, Randolph E. and Xu, Jinchao},
  title = {The hierarchical basis multigrid method and incomplete {$LU$} decomposition},
  booktitle = {Domain decomposition methods in scientific and engineering computing
	(University Park, PA, 1993)},
  publisher = {Amer. Math. Soc.},
  year = {1994},
  volume = {180},
  series = {Contemp. Math.},
  pages = {163--173},
  address = {Providence, RI},
  mrclass = {65F10 (65N55)},
  mrnumber = {MR1312390}
}

@ARTICLE{Bazilevs_Beirao_Cottrell_Hughes_Sangalli,
  author = {Bazilevs, Y. and Beir{\~a}o da Veiga, L. and Cottrell, J. A. and
	Hughes, T. J. R. and Sangalli, G.},
  title = {Isogeometric analysis: approximation, stability and error estimates
	for {$h$}-refined meshes},
  journal = {Math. Models Methods Appl. Sci.},
  year = {2006},
  volume = {16},
  pages = {1031--1090},
  number = {7},
  fjournal = {Mathematical Models \& Methods in Applied Sciences},
  issn = {0218-2025},
  mrclass = {65N30 (65N50 74G15 74S05 76M10 78M10)},
  mrnumber = {MR2250029 (2007d:65105)},
  mrreviewer = {Steve Wright}
}

@ARTICLE{Bazilervs_Calo_Cottrell_Evans,
  author = {Bazilevs, Y. and Calo, V.M. and Cottrell, J. A. and Evans, J. A.
	and Hughes, T. J. R. and Lipton, S. and Scott, M.A. and Sederberg,
	T.W.},
  title = {Isogeometric analysis using {T}-splines},
  journal = {Comput. Methods Appl. Mech. Engrg.},
  year = {2010},
  volume = {199},
  pages = {229 - 263},
  number = {5-8},
  fjournal = {Computer Methods in Applied Mechanics and Engineering}
}

@ARTICLE{Bazilevs_Calo_Zhang_Hughes,
  author = {Bazilevs, Y. and Calo, V.M. and Zhang, Y. and Hughes, T. J. R. },
  title = {Isogeometric fluid-structure interaction analysis with applications
	to arterial blood flow},
  journal = {Comput. Mech.},
  year = {2006},
  volume = {38},
  pages = {310--322},
  fjournal = {Computational Mechanics}
}

@ARTICLE{Bazilevs_Calo_Hughes_Zhang,
  author = {Bazilevs, Y. and Calo, V. M. and Hughes, T. J. R. and Zhang, Y.},
  title = {Isogeometric fluid-structure interaction: theory, algorithms, and
	computations},
  journal = {Comput. Mech.},
  year = {2008},
  volume = {43},
  pages = {3--37},
  number = {1},
  coden = {CMMEEE},
  fjournal = {Computational Mechanics. Solids, Fluids, Engineered Materials, Aging
	Infrastructure, Molecular Dynamics, Heat Transfer, Manufacturing
	Processes, Optimization, Fracture \& Integrity},
  issn = {0178-7675},
  mrclass = {74F10},
  mrnumber = {MR2443159}
}

@ARTICLE{bazilevs2012isogeometric,
  author = {Bazilevs, Y and Hsu, M-C and Scott, MA},
  title = {Isogeometric fluid--structure interaction analysis with emphasis
	on non-matching discretizations, and with application to wind turbines},
  journal = {Comput. Methods Appl. Mech. Engrg.},
  year = {2012},
  volume = {249},
  pages = {28--41},
  fjournal = {Computer Methods in Applied Mechanics and Engineering},
  publisher = {Elsevier}
}

@ARTICLE{Bazilevs_Hughes,
  author = {Bazilevs, Y. and Hughes, T. J. R. },
  title = {{NURBS}-based isogeometric analysis for the computation of flows
	about rotating components},
  journal = {Comput. Mech.},
  year = {2008},
  volume = {43},
  pages = {143--150},
  fjournal = {Computational Mechanics}
}

@ARTICLE{BBCS12,
  author = {Beir{\~a}o da Veiga, L. and Buffa, A. and Cho, D. and Sangalli, G.},
  title = {Analysis-{S}uitable {T}-splines are {D}ual-{C}ompatible},
  journal = {Comput. Methods Appl. Mech. Engrg.},
  year = {2012},
  volume = {249--252},
  pages = {42 - 51},
  fjournal = {Computer Methods in Applied Mechanics and Engineering},
  issn = {0045-7825}
}

@ARTICLE{Beirao_Buffa_Cho_Sangalli,
  author = {Beir{\~a}o da Veiga, L. and Buffa, A. and Cho, D. and Sangalli, G.},
  title = {Iso{G}eometric analysis using {T}-splines on two-patch geometries},
  journal = {Comput. Methods Appl. Mech. Engrg.},
  year = {2011},
  volume = {200},
  pages = {1787--1803},
  number = {21-22},
  coden = {CMMECC},
  fjournal = {Computer Methods in Applied Mechanics and Engineering},
  issn = {0045-7825},
  mrclass = {65D07 (41A15 41A63 68W25)},
  mrnumber = {2787537}
}

@ARTICLE{BBLMS,
  author = {Beir{\~a}o da Veiga, L. and Buffa, A. and Lovadina, C. and Martinelli,
	M. and Sangalli, G.},
  title = {An isogeometric method for the {R}eissner-{M}indlin plate bending
	problem},
  journal = {Comput. Methods Appl. Mech. Engrg.},
  year = {2012},
  volume = {209-212},
  pages = {45 - 53},
  fjournal = {Computer Methods in Applied Mechanics and Engineering},
  issn = {0045-7825},
  keywords = {Isogeometric analysis}
}

@ARTICLE{Beira_Buffa_Sangalli_Rivas,
  author = {Beir{\~a}o da Veiga, L. and Buffa, A. and Rivas, J. and Sangalli,
	G.},
  title = {Some estimates for {$h$}-{$p$}-{$k$}-refinement in isogeometric analysis},
  journal = {Numer. Math.},
  year = {2011},
  volume = {118},
  pages = {271--305},
  number = {2},
  coden = {NUMMA7},
  fjournal = {Numerische Mathematik},
  issn = {0029-599X},
  mrclass = {65D17 (65D07)},
  mrnumber = {2800710}
}


@Article{BSV14,
  author = 	 {Buffa, A. and  Sangalli, G. and R. V\'azquez},
  title = 	 {Isogeometric Methods for Computational Electromagnetics: {B}-spline and {T}-spline discretizations},
  journal = 	 {J. Comput. Phys.},
  year = {2014},
  volume = {257, Part B},
  pages = {1291 - 1320},
}

@ARTICLE{BBSV12,
  author = {Beir{\~a}o da Veiga, L. and Buffa, A. and Sangalli, G. and V\'azquez,
	R.},
  title = {Analysis-suitable {T}-splines of arbitrary degree: Definition, linear
	independence and approximation properties },
  journal = {Math. Models Methods Appl. Sci.},
  year = {2013},
  volume = {23},
  pages = {1979-2003},
  number = {11}
}

@ARTICLE{BePa12,
  author = {Beir{\~a}o da Veiga, L. and Cho, D. and Pavarino, L. and Scacchi,
	S.},
  title = {Overlapping {S}chwarz methods for {I}sogeometric {A}nalysis},
  journal = {SIAM J. Numer. Anal.},
  year = {2012},
  volume = {50},
  pages = {1394 - 1416},
  number = {3}
}

@ARTICLE{BePa13,
  author = {Beir{\~a}o da Veiga, L. and Cho, D. and Pavarino, L. F.  and Scacchi, S.},
  title = {Isogeometric {S}chwarz preconditioners for linear elasticity systems
	},
  fjournal = {Computer Methods in Applied Mechanics and Engineering },
  journal = {Comput. Methods Appl. Mech. Engrg.},
  year = {2013},
  volume = {253},
  pages = {439 - 454},
  issn = {0045-7825},
  keywords = {Overlapping Schwarz},
}

@ARTICLE{BePa_BDDC,
  author = {Beir{\~a}o da Veiga, L. and Cho, D. and Pavarino, L. F.  and Scacchi, S.},
  title = {{BDDC} preconditioners for isogeometric analysis},
  fjournal = {Mathematical Models and Methods in Applied Sciences},
  journal = {Math. Models Methods Appl. Sci.},
  year = {2013},
  volume = {23},
  pages = {1099 - 1142},
  number = {06},
}

@ARTICLE{Beirao_Cho_Sangalli,
  author = {Beir{\~a}o da Veiga, L. and Cho, D. and Sangalli, G.},
  title = {Anisotropic {NURBS} approximation in {I}sogeometric {A}nalysis},
  journal = {Comput. Methods Appl. Mech. Engrg.},
  year = {2012},
  volume = {209-212},
  pages = {1--11},
  fjournal = {Computer Methods in Applied Mechanics and Engineering}
}

@ARTICLE{Benson_Bazilevs_Hsu_Hughes,
  author = {D.J. Benson and Y. Bazilevs and M.C. Hsu and T. J. R. Hughes},
  title = {Isogeometric shell analysis: The {R}eissner-{M}indlin shell},
  journal = {Comput. Methods Appl. Mech. Engrg.},
  year = {2010},
  volume = {199},
  pages = {276 - 289},
  number = {5-8},
  fjournal = {Computer Methods in Applied Mechanics and Engineering},
  issn = {0045-7825},
  keywords = {Isogeometric analysis}
}

@ARTICLE{BeHuBe,
  author = {Benson, D. J. and Bazilevs, Y. and De Luycker, E. and Hsu, M.-C.
	and Scott, M. and Hughes, T. J. R. and Belytschko, T.},
  title = {A generalized finite element formulation for arbitrary basis functions:
	from isogeometric analysis to {XFEM}},
  journal = {Internat. J. Numer. Methods Engrg.},
  year = {2010},
  volume = {83},
  pages = {765--785},
  number = {6},
  fjournal = {International Journal for Numerical Methods in Engineering}
}

@ARTICLE{BWW1997,
  author = {Berger, H. and Warnecke, G. and Wendland, W. L.},
  title = {Analysis of a {FEM}/{BEM} coupling method for transonic flow computations},
  journal = {Math. Comp.},
  year = {1997},
  volume = {66},
  pages = {1407--1440},
  number = {220},
  coden = {MCMPAF},
  fjournal = {Mathematics of Computation},
  issn = {0025-5718},
  mrclass = {76M10 (65N30 76H05 76M15)},
  mrnumber = {MR1432124 (98c:76062)},
  mrreviewer = {Natalya A. Vladimirova}
}

@INCOLLECTION{BWW1994,
  author = {Berger, H. and Warnecke, G. and Wendland, W. L.},
  title = {Coupling of {FEM} and {BEM} for transonic flows},
  booktitle = {The {M}athematics of {F}inite {E}lements and {A}pplications (Uxbridge,
	1993)},
  publisher = {Wiley},
  year = {1994},
  pages = {323--350},
  address = {Chichester},
  mrclass = {76H05 (65N30 65N38 76M10 76M15)},
  mrnumber = {MR1291236 (95f:76053)},
  mrreviewer = {Reinhard Redlinger}
}

@ARTICLE{BGMS07,
  author = {A. Berm\'udez and D. G\'omez and M. C. Mu{\~n}iz and P. Salgado},
  title = {A {FEM}/{BEM} for axisymmetric electromagnetic and thermal modelling
	of induction furnaces},
  journal = {Internat. J. Numer. Methods Engrg.},
  year = {2007},
  volume = {71},
  pages = {856--878, 879--882}
}

@ARTICLE{BRS05,
  author = {A. Berm\'udez and R. Rodr{\'\i}guez and P. Salgado},
  title = {Numerical solution of eddy-current problems in bounded domains using
	realistic boundary conditions},
  journal = {Comput. Methods Appl. Mech. Engrg.},
  year = {2005},
  volume = {194},
  pages = {411--426}
}

@ARTICLE{BRS05b,
  author = {A. Berm\'udez and R. Rodr{\'\i}guez and P. Salgado},
  title = {Numerical analysis of electric field formulations of the eddy current
	model},
  journal = {Numer. Math.},
  year = {2005},
  volume = {102},
  pages = {181--201}
}

@ARTICLE{BRS02,
  author = {A. Berm\'udez and R. Rodr{\'\i}guez and P. Salgado},
  title = {A finite element method with {L}agrange multipliers for low-frequency
	harmonic {M}axwell equations},
  journal = {SIAM J. Numer. Anal.},
  year = {2002},
  volume = {40},
  pages = {1823-1849}
}

@ARTICLE{Boff10,
  author = {Boffi, Daniele},
  title = {Finite element approximation of eigenvalue problems},
  journal = {Acta Numer.},
  year = {2010},
  volume = {19},
  pages = {1--120},
  fjournal = {Acta Numerica},
  issn = {0962-4929},
  mrclass = {65N30 (65N25)},
  mrnumber = {2652780 (2011e:65256)},
  mrreviewer = {Srinivasan Kesavan}
}

@ARTICLE{Boffi07,
  author = {Boffi, Daniele},
  title = {Approximation of eigenvalues in mixed form, discrete compactness
	property, and application to {$hp$} mixed finite elements},
  journal = {Comput. Methods Appl. Mech. Engrg.},
  year = {2007},
  volume = {196},
  pages = {3672--3681},
  number = {37-40},
  coden = {CMMECC},
  fjournal = {Computer Methods in Applied Mechanics and Engineering},
  issn = {0045-7825},
  mrclass = {65N30},
  mrnumber = {MR2339993 (2008e:65339)},
  mrreviewer = {Nasser H. Sweilam}
}

@article {BBG97,
    AUTHOR = {Boffi, Daniele and Brezzi, Franco and Gastaldi, Lucia},
     TITLE = {On the convergence of eigenvalues for mixed formulations},
   JOURNAL = {Ann. Scuola Norm. Sup. Pisa Cl. Sci. (4)},
  FJOURNAL = {Annali della Scuola Normale Superiore di Pisa. Classe di
              Scienze. Serie IV},
    VOLUME = {25},
      YEAR = {1997},
    NUMBER = {1-2},
     PAGES = {131--154},
      ISSN = {0391-173X},
     CODEN = {PSNAAI},
}

@ARTICLE{BFGP,
  author = {Boffi, D. and Fernandes, P. and Gastaldi, L. and Perugia, I.},
  title = {Computational models of electromagnetic resonators: analysis of edge
	element approximation},
  journal = {SIAM J. Numer. Anal.},
  year = {1999},
  volume = {36},
  pages = {1264--1290 (electronic)},
  number = {4},
  fjournal = {SIAM Journal on Numerical Analysis},
  issn = {0036-1429},
  mrclass = {65N25 (78M10)},
  mrnumber = {MR1701792 (2000g:65112)},
  mrreviewer = {Leonid Yasnitsky}
}

@BOOK{DeBoor,
  title = {A practical guide to splines},
  publisher = {Springer-Verlag},
  year = {2001},
  author = {de Boor, Carl},
  volume = {27},
  pages = {xviii+346},
  series = {Applied Mathematical Sciences},
  address = {New York},
  edition = {Revised},
  isbn = {0-387-95366-3},
  mrclass = {41-01 (41A15 65D05 65D07 65D10)},
  mrnumber = {MR1900298 (2003f:41001)},
  mrreviewer = {Gerlind Plonka-Hoch}
}

@ARTICLE{BSEH10,
  author = {Borden, M. J. and Scott, M. A. and Evans, J. A. and Hughes, T. J.
	R.},
  title = {Isogeometric finite element data structures based on {B}{\'e}zier
	extraction of {NURBS}},
  journal = {Internat. J. Numer. Methods Engrg.},
  year = {2011},
  volume = {87},
  pages = {15--47},
  number = {1-5},
  fjournal = {International Journal for Numerical Methods in Engineering}
}

@INCOLLECTION{MR2143847,
  author = {Bossavit, Alain},
  title = {Discretization of electromagnetic problems: the ``generalized finite
	differences'' approach},
  booktitle = {Handbook of numerical analysis. {V}ol. {XIII}},
  publisher = {North-Holland},
  year = {2005},
  series = {Handb. Numer. Anal., XIII},
  pages = {105--197},
  address = {Amsterdam},
  mrclass = {78M20},
  mrnumber = {2143847}
}

@ARTICLE{BOS00,
  author = {A. Bossavit},
  title = {Most general `non-local' boundary conditions for the {M}axwell equations
	in a bounded region},
  journal = {COMPEL},
  year = {2000},
  volume = {19},
  pages = {239-245}
}

@ARTICLE{BOS99h,
  author = {A. Bossavit},
  title = {``{H}ybrid'' electric-magnetic methods in eddy-current problems},
  journal = {Comput. Methods Appl. Mech. Engrg.},
  year = {1999},
  volume = {178},
  pages = {383-391}
}

@BOOK{BOS98b,
  title = {Computational {E}lectromagnetism. {V}ariational {F}ormulation, {C}omplementarity,
	{E}dge {E}lements},
  publisher = {Academic Press},
  year = {1998},
  author = {A. Bossavit},
  address = {San Diego}
}

@ARTICLE{BOS85,
  author = {A. Bossavit},
  title = {Two dual formulations of the 3{D} eddy--currents problem},
  journal = {COMPEL},
  year = {1985},
  volume = {4},
  pages = {103--116}
}

@ARTICLE{BV82,
  author = {Bossavit, A. and J. C. V\'erit\'e},
  title = {A mixed {FEM}/{BIEM} Method to solve eddy-current problems},
  journal = {IEEE Trans. Magn.},
  year = {1982},
  volume = {MAG-18},
  pages = {431--435},
  number = {2}
}

@ARTICLE{BrSc08,
  author = {Braess, Dietrich and Sch{\"o}berl, Joachim},
  title = {Equilibrated residual error estimator for edge elements},
  journal = {Math. Comp.},
  year = {2008},
  volume = {77},
  pages = {651--672},
  number = {262},
  coden = {MCMPAF},
  fjournal = {Mathematics of Computation},
  issn = {0025-5718},
  mrclass = {65N30 (78M10)},
  mrnumber = {2373174 (2008m:65313)},
  mrreviewer = {Dalibor Luk{\'a}{\v{s}}}
}

@ARTICLE{Bramble_Hilbert,
  author = {Bramble, J. H. and Hilbert, S. R.},
  title = {Estimation of linear functionals on {S}obolev spaces with application
	to {F}ourier transforms and spline interpolation},
  journal = {SIAM J. Numer. Anal.},
  year = {1970},
  volume = {7},
  pages = {112--124},
  fjournal = {SIAM Journal on Numerical Analysis},
  issn = {0036-1429},
  mrclass = {65.20 (41.00)},
  mrnumber = {MR0263214 (41 \#7819)},
  mrreviewer = {J. W. Jerome}
}

@INCOLLECTION{BPX0,
  author = {Bramble, James H. and Pasciak, Joseph E. and Xu, Jinchao},
  title = {Parallel multilevel preconditioners},
  booktitle = {Third International Symposium on Domain Decomposition Methods for
	Partial Differential Equations (Houston, TX, 1989)},
  publisher = {SIAM},
  year = {1990},
  pages = {341--357},
  address = {Philadelphia, PA},
  mrclass = {65N99 (65F35 65W05)},
  mrnumber = {MR1064352}
}

@ARTICLE{BPX1,
  author = {Bramble, James H. and Pasciak, Joseph E. and Xu, Jinchao},
  title = {Parallel multilevel preconditioners},
  journal = {Math. Comp.},
  year = {1990},
  volume = {55},
  pages = {1--22},
  number = {191},
  coden = {MCMPAF},
  fjournal = {Mathematics of Computation},
  issn = {0025-5718},
  mrclass = {65N30 (65F10)},
  mrnumber = {MR1023042 (90k:65170)},
  mrreviewer = {Wolfgang Moldenhauer}
}

@ARTICLE{Brenner_Elasticity,
  author = {Brenner, Susanne C.},
  title = {A nonconforming mixed multigrid method for the pure traction problem
	in planar linear elasticity},
  journal = {Math. Comp.},
  year = {1994},
  volume = {63},
  pages = {435--460, S1--S5},
  number = {208},
  coden = {MCMPAF},
  fjournal = {Mathematics of Computation},
  issn = {0025-5718},
  mrclass = {73V05 (65M55 73C99 73V20)},
  mrnumber = {MR1257574 (95c:73076)},
  mrreviewer = {J. T. Oden}
}

@BOOK{Brenner_Scott_1994,
  title = {The mathematical theory of finite element methods},
  publisher = {Springer-Verlag},
  year = {1994},
  author = {Brenner, Susanne C. and Scott, L. Ridgway},
  volume = {15},
  pages = {xii+294},
  series = {Texts in Applied Mathematics},
  address = {New York},
  isbn = {0-387-94193-2},
  mrclass = {65-01 (46N40 65L60 65M60 65N30 73V05 76M10)},
  mrnumber = {MR1278258 (95f:65001)},
  mrreviewer = {J. T. Oden}
}

@ARTICLE{Brenner_Sung_Elasticity,
  author = {Brenner, Susanne C. and Sung, Li-Yeng},
  title = {Linear finite element methods for planar linear elasticity},
  journal = {Math. Comp.},
  year = {1992},
  volume = {59},
  pages = {321--338},
  number = {200},
  coden = {MCMPAF},
  fjournal = {Mathematics of Computation},
  issn = {0025-5718},
  mrclass = {73V05 (65N12 65N30)},
  mrnumber = {MR1140646 (93a:73078)},
  mrreviewer = {N. Gass}
}

@UNPUBLISHED{bressan-in-preparation,
  author = {A. Bressan},
  title = {T-splines characterization},
  note = {in preparation}
}

@article {Bressan,
    AUTHOR = {Bressan, Andrea},
     TITLE = {Isogeometric regular discretization for the {S}tokes problem},
   JOURNAL = {IMA J. Numer. Anal.},
  FJOURNAL = {IMA Journal of Numerical Analysis},
    VOLUME = {31},
      YEAR = {2011},
    NUMBER = {4},
     PAGES = {1334--1356},
      ISSN = {0272-4979},
}

@article {Bressan_Sangalli,
    AUTHOR = {Bressan, Andrea and Sangalli, Giancarlo},
     TITLE = {Isogeometric discretizations of the {S}tokes problem:
              stability analysis by the macroelement technique},
   JOURNAL = {IMA J. Numer. Anal.},
  FJOURNAL = {IMA Journal of Numerical Analysis},
    VOLUME = {33},
      YEAR = {2013},
    NUMBER = {2},
     PAGES = {629--651},
      ISSN = {0272-4979},
}

@techreport{Bressan_Buffa_Sangalli,
  author = {Bressan, A. and Buffa, A. and Sangalli, G.},
  title = {Characterization of analysis suitable {T}-splines},
  institution = {IMATI-CNR},
  year = {2013}
}

@book {Brezis,
    AUTHOR = {Brezis, Ha{\"{\i}}m},
     TITLE = {Analyse fonctionnelle},
    SERIES = {Collection Math\'ematiques Appliqu\'ees pour la Ma\^\i trise.
              [Collection of Applied Mathematics for the Master's Degree]},
      NOTE = {Th{\'e}orie et applications. [Theory and applications]},
 PUBLISHER = {Masson},
   ADDRESS = {Paris},
      YEAR = {1983},
     PAGES = {xiv+234},
      ISBN = {2-225-77198-7},
   MRCLASS = {46-01 (47-01)},
  MRNUMBER = {697382 (85a:46001)},
}

@ARTICLE{BRE74,
  author = {F. Brezzi},
  title = {On the existence, uniqueness, and approximation of saddle-point problems
	arising from {L}agrangian multipliers},
  journal = {R.A.I.R.O. Anal. Num\'er.},
  year = {1974},
  volume = {8},
  pages = {129--151}
}

@book {BBF13,
    AUTHOR = {Boffi, Daniele and Brezzi, Franco and Fortin, Michel},
     TITLE = {Mixed finite element methods and applications},
    SERIES = {Springer Series in Computational Mathematics},
    VOLUME = {44},
 PUBLISHER = {Springer},
   ADDRESS = {Heidelberg},
      YEAR = {2013},
}

@BOOK{BRF91,
  title = {Mixed and {H}ybrid {F}inite {E}lement {M}ethods},
  publisher = {Springer},
  year = {1991},
  author = {F. Brezzi and M. Fortin},
  address = {New York}
}

@ARTICLE{BJ1979,
  author = {Brezzi, F. and Johnson, C.},
  title = {On the coupling of boundary integral and finite element methods},
  journal = {Calcolo},
  year = {1979},
  volume = {16},
  pages = {189--201},
  number = {2},
  coden = {CDABAE},
  fjournal = {Calcolo},
  issn = {0008-0624},
  mrclass = {65N30 (65R99)},
  mrnumber = {MR569615 (81e:65055b)},
  mrreviewer = {Ian Gladwell}
}

@INPROCEEDINGS{BJ78,
  author = {Brezzi, F. and Johnson, C. and N{\'e}d{\'e}lec, J.-C.},
  title = {On the coupling of boundary integral and finite element methods},
  booktitle = {Proceedings of the {F}ourth {S}ymposium on {B}asic {P}roblems of
	{N}umerical {M}athematics (Plze\v n, 1978)},
  year = {1978},
  pages = {103--114},
  address = {Prague},
  publisher = {Charles Univ.},
  mrclass = {65N30 (65R99)},
  mrnumber = {MR566158 (81e:65055a)},
  mrreviewer = {Ian Gladwell}
}

@ARTICLE{Buffa05,
  author = {Buffa, Annalisa},
  title = {Remarks on the discretization of some noncoercive operator with applications
	to heterogeneous {M}axwell equations},
  journal = {SIAM J. Numer. Anal.},
  year = {2005},
  volume = {43},
  pages = {1--18 (electronic)},
  number = {1},
  doi = {10.1137/S003614290342385X},
  fjournal = {SIAM Journal on Numerical Analysis},
  issn = {0036-1429},
  mrclass = {65N30 (78A25)},
  mrnumber = {MR2177953 (2006i:65189)},
  mrreviewer = {Nilima Nigam}
}

@ARTICLE{BCK12,
  author = {A. Buffa and D. Cho and M. Kumar},
  title = {Characterization of {T}-splines with reduced continuity order on
	{T}-meshes},
  journal = {Comput. Methods Appl. Mech. Engrg.},
  year = {2012},
  volume = {201-204},
  pages = {112 - 126},
  fjournal = {Computer Methods in Applied Mechanics and Engineering},
  issn = {0045-7825}
}

@ARTICLE{Buffa_Cho_Sangalli,
  author = {Buffa, A. and Cho, D. and Sangalli, G.},
  title = {Linear independence of the {T}-spline blending functions associated
	with some particular {T}-meshes},
  journal = {Comput. Methods Appl. Mech. Engrg.},
  year = {2010},
  volume = {199},
  pages = {1437--1445},
  number = {23--24}
}

@ARTICLE{BuCh07,
  author = {Buffa, Annalisa and Christiansen, Snorre H.},
  title = {A dual finite element complex on the barycentric refinement},
  journal = {Math. Comp.},
  year = {2007},
  volume = {76},
  pages = {1743--1769 (electronic)},
  number = {260},
  coden = {MCMPAF},
  fjournal = {Mathematics of Computation},
  issn = {0025-5718},
  mrclass = {65N30 (65N38)},
  mrnumber = {2336266 (2008f:65209)},
  mrreviewer = {Jordi Blasco}
}

@ARTICLE{BC01,
  author = {Buffa, A. and Ciarlet, Jr., P.},
  title = {On traces for functional spaces related to {M}axwell's equations.
	{I}. {A}n integration by parts formula in {L}ipschitz polyhedra},
  journal = {Math. Methods Appl. Sci.},
  year = {2001},
  volume = {24},
  pages = {9--30},
  number = {1},
  coden = {MMSCDB},
  fjournal = {Mathematical Methods in the Applied Sciences},
  issn = {0170-4214},
  mrclass = {78M25 (35Q60 46N20)},
  mrnumber = {MR1809491 (2002b:78024)},
  mrreviewer = {Jin Yun Yuan}
}

@ARTICLE{BuCoDa05,
  author = {Buffa, A. and Costabel, M. and Dauge, M.},
  title = {Algebraic convergence for anisotropic edge elements in polyhedral
	domains},
  journal = {Numer. Math.},
  year = {2005},
  volume = {101},
  pages = {29--65},
  number = {1},
  coden = {NUMMA7},
  fjournal = {Numerische Mathematik},
  issn = {0029-599X},
  mrclass = {65N30 (65N15 65N25 78M10)},
  mrnumber = {2194717 (2006j:65339)},
  mrreviewer = {Georgios C. Georgiou}
}

@ARTICLE{BCS02,
  author = {A. Buffa and M. Costabel and D. Sheen},
  title = {On traces for {$\mathbf{H}(\mathbf{curl},\Omega)$} in {L}ipschitz
	domains},
  journal = {J. Math. Anal. Appl.},
  year = {2002},
  volume = {276},
  pages = {845-867},
  number = {2}
}

@ARTICLE{Buffa_deFalco_Sangalli,
  author = {Buffa, A. and de Falco, C. and Sangalli, G.},
  title = {Isogeometric {A}nalysis: stable elements for the 2{D} {S}tokes equation},
  journal = {Internat. J. Numer. Methods Fluids},
  year = {2011},
  volume = {65},
  pages = {1407--1422},
  number = {11-12},
  coden = {IJNFDW},
  fjournal = {International Journal for Numerical Methods in Fluids},
  issn = {0271-2091},
  mrclass = {76M10 (65N30 76D07)},
  mrnumber = {2808112}
}

@ARTICLE{BHP03,
  author = {A. Buffa and R. Hiptmair and T. {von Petersdorff} and C. Schwab},
  title = {Boundary element methods for {M}axwell equations on {L}ipschitz domains},
  journal = {Numer. Math.},
  year = {2003},
  volume = {95},
  pages = {459-485},
  number = {3}
}

@ARTICLE{Buffa_BPX,
  author = {Annalisa Buffa and Helmut Harbrecht and Angela Kunoth and Giancarlo
	Sangalli},
  title = {{BPX}-preconditioning for isogeometric analysis },
  fjournal = {Computer Methods in Applied Mechanics and Engineering },
  journal = {Comput. Methods Appl. Mech. Engrg.},
  year = {2013},
  volume = {265},
  pages = {63 - 70},
  issn = {0045-7825},
}


@INCOLLECTION{BMR02,
  author = {A. Buffa and Y. Maday and F. Rapetti},
  title = {Application of the mortar element method to {3D} electromagnetic
	moving structures},
  booktitle = {Computational {E}lectromagnetics},
  publisher = {Springer},
  year = {2003},
  editor = {C. Carstensen and S. Funken and W. Hackbusch and R.H.W. Hoppe and
	P. Monk},
  pages = {35-50},
  address = {Berlin}
}

@ARTICLE{BRSV11,
  author = {A. Buffa and J. Rivas and G. Sangalli and R. V\'{a}zquez},
  title = {Isogeometric Discrete Differential Forms in Three Dimensions},
  journal = {SIAM J. Numer. Anal.},
  year = {2011},
  volume = {49},
  pages = {818-844},
  number = {2},
  fjournal = {SIAM Journal on Numerical Analysis},
  keywords = {isogeometric analysis; differential forms; Maxwell equations},
  publisher = {SIAM}
}

@ARTICLE{Buffa_Sangalli_Vazquez,
  author = {A. Buffa and G. Sangalli and R. V{\'a}zquez},
  title = {Isogeometric analysis in electromagnetics: B-splines approximation},
  journal = {Comput. Methods Appl. Mech. Engrg.},
  year = {2010},
  volume = {199},
  pages = {1143 - 1152},
  number = {17-20},
  fjournal = {Computer Methods in Applied Mechanics and Engineering},
  issn = {0045-7825}
}

@ARTICLE{CFR01,
  author = {Caorsi, Salvatore and Fernandes, Paolo and Raffetto, Mirco},
  title = {Spurious-free approximations of electromagnetic eigenproblems by
	means of {N}edelec-type elements},
  journal = {M2AN Math. Model. Numer. Anal.},
  year = {2001},
  volume = {35},
  pages = {331--354},
  number = {2},
  fjournal = {M2AN. Mathematical Modelling and Numerical Analysis},
  issn = {0764-583X},
  mrclass = {65N25 (35Q60)},
  mrnumber = {MR1825702 (2002c:65191)},
  mrreviewer = {Alexander M. Blokhin}
}

@ARTICLE{CFR00,
  author = {Caorsi, Salvatore and Fernandes, Paolo and Raffetto, Mirco},
  title = {On the convergence of {G}alerkin finite element approximations of
	electromagnetic eigenproblems},
  journal = {SIAM J. Numer. Anal.},
  year = {2000},
  volume = {38},
  pages = {580--607 (electronic)},
  number = {2},
  fjournal = {SIAM Journal on Numerical Analysis},
  issn = {0036-1429},
  mrclass = {65N25 (65N30 78M10)},
  mrnumber = {MR1770063 (2001e:65172)},
  mrreviewer = {Ma{\l}gorzata Peszy{\'n}ska}
}

@ARTICLE{CG1997,
  author = {Carstensen, Carsten and Gwinner, Joachim},
  title = {F{EM} and {BEM} coupling for a nonlinear transmission problem with
	{S}ignorini contact},
  journal = {SIAM J. Numer. Anal.},
  year = {1997},
  volume = {34},
  pages = {1845--1864},
  number = {5},
  coden = {SJNAAM},
  fjournal = {SIAM Journal on Numerical Analysis},
  issn = {0036-1429},
  mrclass = {73T05 (65N30 73C50 73V05 73V10)},
  mrnumber = {MR1472200 (98i:73051)}
}

@ARTICLE{CW1997,
  author = {Carstensen, Carsten and Wriggers, Peter},
  title = {On the symmetric boundary element method and the symmetric coupling
	of boundary elements and finite elements},
  journal = {IMA J. Numer. Anal.},
  year = {1997},
  volume = {17},
  pages = {201--238},
  number = {2},
  coden = {IJNADN},
  fjournal = {IMA Journal of Numerical Analysis},
  issn = {0272-4979},
  mrclass = {65N38 (65N30 73C35 73V05 73V10)},
  mrnumber = {MR1443070 (98c:65194)},
  mrreviewer = {Igor Yu. Chudinovich}
}

@BOOK{CES96,
  title = {Mathematical {M}ethods in {E}lectromagnetism},
  publisher = {World Scientific},
  year = {1996},
  author = {M. Cessenat},
  address = {Singapore}
}

@INCOLLECTION{Chan_Xu_Zikatanov_1998,
  author = {T. Chan and J. Xu and L. Zikatanov},
  title = {An agglomeration multigrid method for unstructured grids},
  booktitle = {Domain decomposition methods, 10 (Boulder, CO, 1997)},
  publisher = {Amer. Math. Soc.},
  year = {1998},
  volume = {218},
  series = {Contemp. Math.},
  pages = {67--81}
}

@ARTICLE{tom1,
  author = {Chang, K. and Hughes, T. J. R. and Calo, V. M.},
  title = {Isogeometric variational multiscale large-eddy simulation of fully-developed
	turbulent flow over a wavy wall},
  journal = {Comput. \& Fluids},
  year = {2012},
  volume = {68},
  pages = {94--104},
  coden = {CPFLB1},
  fjournal = {Computers \& Fluids. An International Journal},
  issn = {0045-7930},
  mrclass = {76F65},
  mrnumber = {2979710}
}

@ARTICLE{MR2058939,
  author = {Chen, Long and Xu, Jin-chao},
  title = {Optimal {D}elaunay triangulations},
  journal = {J. Comput. Math.},
  year = {2004},
  volume = {22},
  pages = {299--308},
  number = {2},
  note = {Special issue dedicated to the 70th birthday of Professor Zhong-Ci
	Shi},
  coden = {JCMMEB},
  fjournal = {Journal of Computational Mathematics. An International Journal on
	Numerical Methods, Analysis and Applications},
  issn = {0254-9409},
  mrclass = {41A63 (41A05 41A25 65D17)},
  mrnumber = {MR2058939 (2005c:41042)}
}

@ARTICLE{CDZ00,
  author = {Chen, Zhiming and Du, Qiang and Zou, Jun},
  title = {Finite element methods with matching and nonmatching meshes for {M}axwell
	equations with discontinuous coefficients},
  journal = {SIAM J. Numer. Anal.},
  year = {2000},
  volume = {37},
  pages = {1542--1570 (electronic)},
  number = {5},
  fjournal = {SIAM Journal on Numerical Analysis},
  issn = {1095-7170},
  mrclass = {78M10 (65M60)},
  mrnumber = {2001h:78044},
  mrreviewer = {Tom Roberts}
}

@ARTICLE{Cho_Zikatanov2006,
  author = {Cho, D. and Zikatanov, L.},
  title = {A multilevel preconditioning for generalized finite element method
	problems on unstructured simplicial meshes},
  journal = {J. Numer. Math.},
  year = {2007},
  volume = {15},
  pages = {163--180},
  number = {3},
  fjournal = {Journal of Numerical Mathematics},
  issn = {1570-2820},
  mrclass = {65F10},
  mrnumber = {MR2361582}
}

@ARTICLE{CHN02,
  author = {S. H. Christiansen and J.-C. N\'ed\'elec},
  title = {A preconditioner for the electric field integral equation based on
	{C}alder\'on formulas},
  journal = {SIAM J. Numer. Anal.},
  year = {2002},
  volume = {40},
  pages = {1100-1135},
  number = {3}
}

@ARTICLE{CGZ04,
  author = {Ciarlet, Jr., Patrick and Garcia, Emmanuelle and Zou, Jun},
  title = {Solving {M}axwell equations in 3{D} prismatic domains},
  journal = {C. R. Math. Acad. Sci. Paris},
  year = {2004},
  volume = {339},
  pages = {721--726},
  number = {10},
  fjournal = {Comptes Rendus Math\'ematique. Acad\'emie des Sciences. Paris},
  issn = {1631-073X},
  mrclass = {35Q60 (65M99 78A25)},
  mrnumber = {MR2110944 (2005h:35332)}
}

@ARTICLE{CHL98,
  author = {Ciarlet, Jr., Patrick and Hazard, Christophe and Lohrengel, Stephanie},
  title = {Les \'equations de {M}axwell dans un poly\`edre: un r\'esultat de
	densit\'e},
  journal = {C. R. Acad. Sci. Paris S\'er. I Math.},
  year = {1998},
  volume = {326},
  pages = {1305--1310},
  number = {11},
  coden = {CASMEI},
  fjournal = {Comptes Rendus de l'Acad\'emie des Sciences. S\'erie I. Math\'ematique},
  issn = {0764-4442},
  mrclass = {35Q60 (65M60 78A25)},
  mrnumber = {MR1649142 (99h:35208)}
}

@book {Ciarlet,
    AUTHOR = {Ciarlet, Philippe G.},
     TITLE = {The finite element method for elliptic problems},
    SERIES = {Classics in Applied Mathematics},
    VOLUME = {40},
      NOTE = {Reprint of the 1978 original [North-Holland, Amsterdam]},
 PUBLISHER = {Society for Industrial and Applied Mathematics (SIAM)},
   ADDRESS = {Philadelphia, PA},
      YEAR = {2002},
     PAGES = {xxviii+530},
      ISBN = {0-89871-514-8},
}

@ARTICLE{ClThWe99,
  author = {Clemens, Markus and Thoma, Peter and Weiland, Thomas and van Rienen,
	Ursula},
  title = {Computational electromagnetic-field calculation with the finite-integration
	method},
  journal = {Surveys Math. Indust.},
  year = {1999},
  volume = {8},
  pages = {213--232},
  number = {3-4},
  coden = {SMINER},
  fjournal = {Surveys on Mathematics for Industry},
  issn = {0938-1953},
  mrclass = {78M25 (65F30 65N22)},
  mrnumber = {1737413 (2000j:78017)}
}

@ARTICLE{CoMa10,
  author = {Cohen, E. and Martin, T. and Kirby, R. M. and Lyche, T. and Riesenfeld,
	R. F.},
  title = {Analysis-aware modeling: understanding quality considerations in
	modeling for isogeometric analysis},
  journal = {Comput. Methods Appl. Mech. Engrg.},
  year = {2010},
  volume = {199},
  pages = {334--356},
  number = {5-8},
  coden = {CMMECC},
  fjournal = {Computer Methods in Applied Mechanics and Engineering},
  issn = {0045-7825},
  mrclass = {65D17 (68U07)},
  mrnumber = {2576766 (2010m:65039)},
  mrreviewer = {H. P. Dikshit}
}

@BOOK{cohen2001geometric,
  title = {Geometric modeling with splines: an introduction},
  publisher = {AK Peters Wellesley, MA},
  year = {2001},
  author = {Cohen, E. and Riesenfeld, R.F. and Elber, G.},
  volume = {1}
}

@ARTICLE{Cohen_schumi,
  author = {Elaine Cohen and Larry L. Schumaker},
  title = {Rates of convergence of control polygons },
  journal = {Comput. Aided Geom. Design.},
  fjournal = {Computer Aided Geometric Design },
  year = {1985},
  volume = {2},
  pages = {229 - 235},
  number = {1â3},
  issn = {0167-8396},
  keywords = {Control polygons},
}

@ARTICLE{CDPC12,
  author = {Collier, Nathan and Dalcin, Lisandro and Pardo, David and Calo, V.
	M.},
  title = {The {C}ost of {C}ontinuity: {P}erformance of {I}terative {S}olvers
	on {I}sogeometric {F}inite {E}lements},
  journal = {SIAM J. Sci. Comput.},
  year = {2013},
  volume = {35},
  pages = {A767--A784},
  number = {2},
  coden = {SJOCE3},
  fjournal = {SIAM Journal on Scientific Computing},
  issn = {1064-8275},
  mrclass = {Preliminary Data},
  mrnumber = {3035485}
}

@misc{CPPC12,
Author = {Nathan O. Collier and David Pardo and Maciej Paszynski and Victor M. Calo},
Title = {Computational complexity and memory usage for multi-frontal direct solvers in structured mesh finite elements},
Year = {2012},
Eprint = {1204.1718},
}

@ARTICLE{CPDPC12,
  author = {Collier, Nathan and Pardo, David and Dalcin, Lisandro and Paszynski,
	Maciej and Calo, V. M.},
  title = {The cost of continuity: a study of the performance of isogeometric
	finite elements using direct solvers},
  journal = {Comput. Methods Appl. Mech. Engrg.},
  year = {2012},
  volume = {213/216},
  pages = {353--361},
  coden = {CMMECC},
  fjournal = {Computer Methods in Applied Mechanics and Engineering},
  issn = {0045-7825},
  mrclass = {65N30 (65D17 65N22)},
  mrnumber = {2880524}
}

@misc{petiga,
Author = {Nathan O. Collier and Lisandro Dalcin and Victor M. Calo},
Title = {Pet{IGA}: High-Performance Isogeometric Analysis},
Year = {2013},
Eprint = {1305.4452},
}

@ARTICLE{Cos91,
  author = {Costabel, Martin},
  title = {A coercive bilinear form for {M}axwell's equations},
  journal = {J. Math. Anal. Appl.},
  year = {1991},
  volume = {157},
  pages = {527--541},
  number = {2},
  coden = {JMANAK},
  fjournal = {Journal of Mathematical Analysis and Applications},
  issn = {0022-247X},
  mrclass = {35Q60 (78A25)},
  mrnumber = {92c:35113}
}

@ARTICLE{Cos90,
  author = {Costabel, Martin},
  title = {A remark on the regularity of solutions of {M}axwell's equations
	on {L}ipschitz domains},
  journal = {Math. Methods Appl. Sci.},
  year = {1990},
  volume = {12},
  pages = {365--368},
  number = {4},
  coden = {MMSCDB},
  fjournal = {Mathematical Methods in the Applied Sciences},
  issn = {0170-4214},
  mrclass = {35B65 (35J55 35Q60)},
  mrnumber = {MR1048563 (91c:35028)},
  mrreviewer = {Rolf Leis}
}

@INCOLLECTION{Cos1988,
  author = {Costabel, Martin},
  title = {A symmetric method for the coupling of finite elements and boundary
	elements},
  booktitle = {The {M}athematics of {F}inite {E}lements and {A}pplications VI (Uxbridge,
	1987), J. R. Whiteman, ed.},
  publisher = {Academic Press},
  year = {1988},
  pages = {281--288},
  address = {London},
  mrclass = {65N30},
  mrnumber = {MR956899}
}

@INCOLLECTION{Cos1987,
  author = {Costabel, M.},
  title = {Symmetric methods for the coupling of finite elements and boundary
	elements},
  booktitle = {Boundary {E}lements IX, Vol.\ 1 (Stuttgart, 1987), C. A. Brebbia,
	W. L. Wendland and G. Kuhn, eds.},
  publisher = {Springer},
  year = {1987},
  pages = {411--420},
  address = {Berlin},
  mrclass = {65N30},
  mrnumber = {MR965328 (89j:65068)},
  mrreviewer = {Weimin Han}
}

@INCOLLECTION{CD03,
  author = {Costabel, Martin and Dauge, Monique},
  title = {Computation of resonance frequencies for {M}axwell equations in non-smooth
	domains},
  booktitle = {Topics in computational wave propagation},
  publisher = {Springer},
  year = {2003},
  volume = {31},
  series = {Lect. Notes Comput. Sci. Eng.},
  pages = {125--161},
  address = {Berlin},
  mrclass = {78M10 (35Q60 65N25)},
  mrnumber = {MR2032869 (2004k:78026)}
}

@ARTICLE{CD02,
  author = {Costabel, Martin and Dauge, Monique},
  title = {Weighted regularization of {M}axwell equations in polyhedral domains.
	{A} rehabilitation of nodal finite elements},
  journal = {Numer. Math.},
  year = {2002},
  volume = {93},
  pages = {239--277},
  number = {2},
  coden = {NUMMA7},
  fjournal = {Numerische Mathematik},
  issn = {0029-599X},
  mrclass = {78M10},
  mrnumber = {MR1941397 (2004a:78039)},
  mrreviewer = {Per L{\"o}tstedt}
}

@ARTICLE{CD2000,
  author = {Costabel, Martin and Dauge, Monique},
  title = {Singularities of electromagnetic fields in polyhedral domains},
  journal = {Arch. Ration. Mech. Anal.},
  year = {2000},
  volume = {151},
  pages = {221--276},
  number = {3},
  fjournal = {Archive for Rational Mechanics and Analysis},
  issn = {0003-9527},
  mrclass = {78A25 (35J25 35Q60)},
  mrnumber = {MR1753704 (2002c:78005)},
  mrreviewer = {Olivier Lafitte}
}

@ARTICLE{COD99,
  author = {M. Costabel and M. Dauge},
  title = {Maxwell and {L}am\'e eigenvalues on polyhedra},
  journal = {Math. Methods Appl. Sci.},
  year = {1999},
  volume = {22},
  pages = {243-258},
  number = {3}
}

@techreport{CD-tensor,
  author = {M. Costabel and M. Dauge},
  title = {Maxwell eigenmodes in tensor product domains},
  year = {2006},
  institution = {Univ. of Rennes},
  url = {http://perso.univ-rennes1.fr/monique.dauge/publis/CoDa06MaxTens2.pdf}
}

@ARTICLE{CDN03,
  author = {M. Costabel and M. Dauge and S. Nicaise},
  title = {Singularities of eddy current problems},
  journal = {M2AN Math. Model. Numer. Anal.},
  year = {2003},
  volume = {37},
  pages = {807--831},
  number = {5}
}

@ARTICLE{CDN99,
  author = {M. Costabel and M. Dauge and S. Nicaise},
  title = {Singularities of {M}axwell interface problems},
  journal = {Math. Model. Numer. Anal.},
  year = {1999},
  volume = {33},
  pages = {627-649}
}

@ARTICLE{CS1990,
  author = {Costabel, Martin and Stephan, E. P.},
  title = {Coupling of finite and boundary element methods for an elastoplastic
	interface problem},
  journal = {SIAM J. Numer. Anal.},
  year = {1990},
  volume = {27},
  pages = {1212--1226},
  number = {5},
  coden = {SJNAAM},
  fjournal = {SIAM Journal on Numerical Analysis},
  issn = {0036-1429},
  mrclass = {65N30 (65N38 73C99 73E99 73V05 73V10)},
  mrnumber = {MR1061127 (92c:65125)}
}

@ARTICLE{CMPS10,
  author = {Paolo Costantini and Carla Manni and Francesca Pelosi and M. Lucia
	Sampoli},
  title = {Quasi-interpolation in isogeometric analysis based on generalized
	{B}-splines},
  journal = {Comput. Aided Geom. Design.},
  year = {2010},
  volume = {27},
  pages = {656 - 668},
  number = {8},
  fjournal = {Computer Aided Geometric Design},
  issn = {0167-8396},
  keywords = {Generalized B-splines}
}

@ARTICLE{CHR07,
  author = {J. A. Cottrell and T.J.R. Hughes and A. Reali},
  title = {Studies of Refinement and Continuity in Isogeometric Structural Analysis},
  journal = {Comput. Methods Appl. Mech. Engrg.},
  year = {2007},
  volume = {196},
  pages = {4160-4183},
  fjournal = {Computer Methods in Applied Mechanics and Engineering}
}

@BOOK{IGA-book,
  title = {Isogeometric {A}nalysis: toward integration of {CAD} and {FEA}},
  publisher = {John Wiley \& Sons},
  year = {2009},
  author = {Cottrell, J. A. and Hughes, T. J. R. and Bazilevs, Y.}
}

@ARTICLE{Cottrell_Reali_Bazilevs_Hughes,
  author = {Cottrell, J. A. and Reali, A. and Bazilevs, Y. and Hughes, T. J.
	R.},
  title = {Isogeometric analysis of structural vibrations},
  journal = {Comput. Methods Appl. Mech. Engrg.},
  year = {2006},
  volume = {195},
  pages = {5257--5296},
  number = {41-43},
  coden = {CMMECC},
  fjournal = {Computer Methods in Applied Mechanics and Engineering},
  issn = {0045-7825},
  mrclass = {74S05 (74H45)},
  mrnumber = {MR2243311}
}

@ARTICLE{Dorfel_Juttler_Simeon,
  author = {D\"{o}rfel, M. and J\"{u}ttler, B. and Simeon, B.},
  title = {Adaptive isogeometric analysis by local $h$-refinement with {T}-splines},
  journal = {Comput. Methods Appl. Mech. Engrg.},
  year = {2010},
  volume = {199},
  pages = {264 - 275},
  number = {5-8},
  fjournal = {Computer Methods in Applied Mechanics and Engineering}
}


@ARTICLE{BMAX,
  author = {Dauge, M.},
  title = {{Benchmark computations for {M}axwell equations for the approximation
	of highly singular solutions}},
  year = {2014},
  journal = {http://perso.univ-rennes1.fr/monique.dauge/benchmax.html}
}

@BOOK{DAL92,
  title = {Mathematical {A}nalysis and {N}umerical {M}ethods for {S}cience and
	{T}echnology. {V}ol. 2},
  publisher = {Springer},
  year = {1988},
  author = {Dautray, Robert and Lions, Jacques-Louis},
  pages = {xvi+561},
  address = {Berlin},
  isbn = {3-540-19045-7; 3-540-66098-4},
  mrclass = {00A05},
  mrnumber = {MR969367 (89m:00001)}
}

@ARTICLE{GeWiCl04,
  author = {De Gersem, Herbert and Wilke, Markus and Clemens, Markus and Weiland,
	Thomas},
  title = {Efficient modelling techniques for complicated boundary conditions
	applied to structured grids},
  journal = {COMPEL},
  year = {2004},
  volume = {23},
  pages = {904--912},
  number = {4},
  fjournal = {COMPEL. The International Journal for Computation and Mathematics
	in Electrical and Electronic Engineering},
  issn = {0332-1649},
  mrclass = {65N50},
  mrnumber = {2124782}
}

@ARTICLE{MR2835758,
  author = {De Lorenzis, L. and Temizer, {\.I}. and Wriggers, P. and Zavarise,
	G.},
  title = {A large deformation frictional contact formulation using {NURBS}-based
	isogeometric analysis},
  journal = {Internat. J. Numer. Methods Engrg.},
  year = {2011},
  volume = {87},
  pages = {1278--1300},
  number = {13},
  coden = {IJNMBH},
  fjournal = {International Journal for Numerical Methods in Engineering},
  issn = {0029-5981},
  mrclass = {74M10 (65D17 74S05)},
  mrnumber = {2835758 (2012g:74103)}
}

@ARTICLE{Deng_Chen_Feng,
  author = {Deng, Jiansong and Chen, Falai and Feng, Yuyu},
  title = {Dimensions of spline spaces over {T}-meshes},
  journal = {J. Comput. Appl. Math.},
  year = {2006},
  volume = {194},
  pages = {267--283},
  number = {2},
  coden = {JCAMDI},
  fjournal = {Journal of Computational and Applied Mathematics},
  issn = {0377-0427},
  mrclass = {41A15 (65D07)},
  mrnumber = {MR2239393 (2007a:41017)}
}

@ARTICLE{Deng_Chen_Li,
  author = {Deng, J. and Chen, F. and Li, X. and Hu, C. and Tong, W. and Yang,
	Z. and Feng, Y.},
  title = {Polynomial splines over hierarchical {T}-meshes},
  journal = {Graphical Models},
  year = {2008},
  volume = {70},
  pages = {76--86}
}

@ARTICLE{laura-de-lorenzis-et-al-2013,
  author = {Dimitri, R. and De Lorenzis, L. and Scott, M. and Wriggers, P.
	and Taylor, R. and Zavarise, G.},
  title = {Isogeometric large deformation frictionless contact using {T}-splines},
  journal = {Comput. Methods Appl. Mech. Engrg.},
  year = {2014},
  volume = {269},
  pages = {394 - 414},
  fjournal = {Computer Methods in Applied Mechanics and Engineering}
}

@ARTICLE{DIR96,
  author = {H. K. Dirks},
  title = {Quasi--stationary fields for microelectronic applications},
  journal = {Electrical Engineering},
  year = {1996},
  volume = {79},
  pages = {145--155}
}

@ARTICLE{LR-splines,
  author = {Dokken, Tor and Lyche, Tom and Pettersen, Kjell Fredrik},
  title = {Polynomial splines over locally refined box-partitions},
  journal = {Comput. Aided Geom. Design},
  year = {2013},
  volume = {30},
  pages = {331--356},
  number = {3},
  coden = {CAGDEX},
  fjournal = {Computer Aided Geometric Design},
  issn = {0167-8396},
  mrclass = {41A15 (65D07)},
  mrnumber = {3019748}
}

@TECHREPORT{LR,
  author = {Dokken, T. and Lyche, T. and Pettersen, K.-F.},
  title = {{LR} {B}-Splines},
  institution = {SINTEF},
  year = {December 2011}
}

@INPROCEEDINGS{DQS10,
  author = {Dokken, T. and Quak, E. and Skytt, V.},
  title = {Requirements from {I}sogeometric {A}nalysis for changes in product
	design ontologies},
  booktitle = {Proceedings of the FOCUS K3D Conference on Semantic 3D Media and
	Content (INRIA Sophia Antipolis - M\'{e}diterran\'{e}e, 2010)},
  year = {2010},
  pages = {11--15},
  address = {Genova, Italy},
  publisher = {IMATI-CNR}
}

@ARTICLE{Dolbow_Moes_Belytschko_2001,
  author = {J. Dolbow and N. Mo\v{e}s and T. Belytschko},
  title = {An extended finite element method for modeling crack growth with
	frictional contact},
  journal = {Comput. Meth. Appl. Mech. Engrg.},
  year = {2001},
  volume = {190},
  pages = {6825--6846}
}

@ARTICLE{D04,
  author = {Dular, Patrick},
  title = {The benefits of nodal and edge elements coupling for discretizing
	global constraints in dual magnetodynamic formulations},
  journal = {J. Comput. Appl. Math.},
  year = {2004},
  volume = {168},
  pages = {165--178},
  number = {1-2},
  coden = {JCAMDI},
  fjournal = {Journal of Computational and Applied Mathematics},
  issn = {0377-0427},
  mrclass = {78M10},
  mrnumber = {MR2079007}
}

@ARTICLE{DGL99,
  author = {P. Dular and C. Geuzaine and W. Legros},
  title = {A natural method for coupling magnetodynamic {{\bf H}}-formulations
	and circuits equations},
  journal = {IEEE Trans. Magn.},
  year = {1999},
  volume = {35},
  pages = {1626--1629}
}

@ARTICLE{DHL99,
  author = {P. Dular and F. Henrotte and W. Legros},
  title = {A general and natural method to define circuits relations associated
	with magnetic vector potential formulations},
  journal = {IEEE Trans. Magn.},
  year = {1999},
  volume = {35},
  pages = {1630--1633}
}

@ARTICLE{DKGSB00,
  author = {P. Dular and P. Kuo-Peng and C. Geuzaine and N. Sadowski and J.P.A.
	Bastos},
  title = {Dual Magnetodynamic formulations and their source field associated
	with massive and stranded inductors},
  journal = {IEEE Trans. on Magnetics},
  year = {2000},
  volume = {36},
  pages = {1293--1299},
  number = {4}
}

@ARTICLE{DLN98,
  author = {P. Dular and W. Legros and A. Nicolet},
  title = {Coupling of local and global quantities in various finite element
	formulations and its application to electrostatics, magnetostatics
	and magnetodynamics},
  journal = {IEEE Trans. Magn.},
  year = {1998},
  volume = {34},
  pages = {3078--3081}
}

@ARTICLE{Duarte_Babuska_Oden_2000,
  author = {C.A. Duarte and I. Babu\v{s}ka and J.T. Oden},
  title = {Generalized finite element methods for three-dimensional structural
	mechanics problems},
  journal = {Comput. and Structures},
  year = {2000},
  volume = {77},
  pages = {215--232}
}

@BOOK{octave,
  title = {GNU Octave Manual},
  publisher = {Network Theory Limited},
  year = {2002},
  author = {John W. Eaton},
  date-added = {2010-10-04 15:37:11 +0200},
  date-modified = {2010-10-04 15:37:17 +0200},
  isbn = {0-9541617-2-6}
}

@ARTICLE{Echter2010374,
  author = {Ralph Echter and Manfred Bischoff},
  title = {Numerical efficiency, locking and unlocking of {NURBS} finite elements},
  JOURNAL = {Comput. Methods Appl. Mech. Engrg.},
  fjournal = {Computer Methods in Applied Mechanics and Engineering},
  year = {2010},
  volume = {199},
  pages = {374 - 382},
  number = {5â8},
  issn = {0045-7825}
}

@ARTICLE{Elguedj_Bazilevs_Calo_Hughes,
  author = {Elguedj, T. and Bazilevs, Y. and Calo, V.M. and Hughes, T. J. R.
	},
  title = {$\bar{B}$ and $\bar{F}$ projection methods for nearly incompressible
	linear and non-linear elasticity and plasticity using higher-order
	{NURBS} elements},
  journal = {Comput. Methods Appl. Mech. Engrg.},
  year = {2008},
  volume = {197},
  pages = {2732--2762},
  fjournal = {Computer Methods in Applied Mechanics and Engineering}
}

@ARTICLE{Evans_Bazilevs_Babuska_Hughes,
  author = {Evans, J. A. and Bazilevs, Y. and Babu\v{s}ka, I. and Hughes, T.
	J. R. },
  title = {$n$-widths, sup-infs, and optimality ratios for the $k$-version of
	the isogeometic finite element method},
  journal = {Comput. Methods Appl. Mech. Engrg.},
  year = {2009},
  volume = {198},
  pages = {1726--1741},
  fjournal = {Computer Methods in Applied Mechanics and Engineering}
}

@article{HASTS,
title = "Hierarchical {T}-splines: Analysis-suitability, {B}\'ezier extraction, and application as an adaptive basis for isogeometric analysis ",
fjournal = "Computer Methods in Applied Mechanics and Engineering ",
journal = {Comput. Methods Appl. Mech. Engrg.},
volume = "284",
pages = "1 - 20",
year = "2015",
issn = "0045-7825",
doi = "http://dx.doi.org/10.1016/j.cma.2014.05.019",
url = "http://www.sciencedirect.com/science/article/pii/S0045782514001807",
author = "E.J. Evans and M.A. Scott and X. Li and D.C. Thomas",
}

@ARTICLE{EvHu12,
  author = {Evans, J. A. and Hughes, T. J. R. },
  title = {Isogeometric Divergence-conforming {B}-splines for the {D}arcy-{S}tokes-{B}rinkman
	Equations. },
  journal = {Math. Models Methods Appl. Sci.},
  year = {2013},
  volume = {23},
  pages = {671-741},
  number = {04},
  fjournal = {Mathematical Models and Methods in Applied Sciences}
}

@ARTICLE{EvHu12-2,
  author = {Evans, J. A. and Hughes, T. J. R. },
  title = {Isogeometric Divergence-conforming {B}-splines for the {S}teady {N}avier-{S}tokes
	{E}quations},
  journal = {Math. Models Methods Appl. Sci.},
  year = {2013},
  volume = {23},
  pages = {1421-1478},
  number = {08},
  fjournal = {Mathematical Models and Methods in Applied Sciences}
}

@ARTICLE{EvHu12-3,
  author = {Evans, J. A. and Hughes, T. J. R.},
  title = {Isogeometric Divergence-conforming {B}-splines for the {U}nsteady
	{N}avier-{S}tokes {E}quations},
  journal = {J. Comput. Phys.},
  year = {2013},
  volume = {241},
  pages = {141 - 167},
  fjournal = {Journal of Computational Physics },
  issn = {0021-9991}
}

@ARTICLE{EvHu12-4,
  author = {Evans, J. A. and Hughes, T. J. R.},
  title = {{D}iscrete spectrum analyses for various mixed discretizations of
	the {S}tokes eigenproblem},
  journal = {Comput. Mech.},
  year = {2012},
  volume = {50},
  pages = {667-674},
  number = {6},
  fjournal = {Computational Mechanics}
}

@MISC{geopdesweb,
  author = {C. de~Falco and A. Reali and R. V{\'a}zquez},
  title = {GeoPDEs web page},
  howpublished = {\url{http://geopdes.sourceforge.net}},
  month = {October},
  year = {2010},
  bdsk-url-1 = {http://geopdes.sourceforge.net},
  date-added = {2010-10-09 10:56:47 +0200},
  date-modified = {2010-10-09 11:18:33 +0200},
  lastchecked = {October 2010},
  urldate = {October 2010}
}

@ARTICLE{dFRV11,
  author = {C. de Falco and A. Reali and R. V\'azquez},
  title = {Geo{PDE}s: a research tool for {I}sogeometric {A}nalysis of {PDE}s},
  journal = {Adv. Engrg. Softw.},
  year = {2011},
  volume = {42},
  pages = {1020--1034},
  number = {12}
}

@ARTICLE{Falk_1991,
  author = {Falk, Richard S.},
  title = {Nonconforming finite element methods for the equations of linear
	elasticity},
  journal = {Math. Comp.},
  year = {1991},
  volume = {57},
  pages = {529--550},
  number = {196},
  coden = {MCMPAF},
  fjournal = {Mathematics of Computation},
  issn = {0025-5718},
  mrclass = {65N30 (73C02 73V05)},
  mrnumber = {MR1094947 (92a:65290)},
  mrreviewer = {R. Kodn{\'a}r}
}

@ARTICLE{FEG97,
  author = {Fernandes, Paolo and Gilardi, Gianni},
  title = {Magnetostatic and electrostatic problems in inhomogeneous anisotropic
	media with irregular boundary and mixed boundary conditions},
  journal = {Math. Models Methods Appl. Sci.},
  year = {1997},
  volume = {7},
  pages = {957--991},
  number = {7},
  issn = {0218-2025},
  mrclass = {78A30 (35Q60)},
  mrnumber = {98h:78006},
  mrreviewer = {Valentin V. Lychagin}
}

@MASTERSTHESIS{Finnigan,
  author = {Finnigan, G.T.},
  title = {{Arbitrary degree T-splines}},
  school = {Brigham Young University},
  year = {2008}
}

@ARTICLE{Simon,
  author = {Foucart, Simon},
  title = {Interlacing property for {B}-splines},
  journal = {J. Approx. Theory},
  year = {2005},
  volume = {135},
  pages = {1--21},
  number = {1},
  coden = {JAXTAZ},
  fjournal = {Journal of Approximation Theory},
  issn = {0021-9045},
  mrclass = {41A15 (65D07)},
  mrnumber = {MR2151246 (2006d:41007)},
  mrreviewer = {Anders Linn{\'e}r}
}

@ARTICLE{Gomez_Calo_Bazilevs_Hughes,
  author = {G{\'o}mez, H. and Calo, V. and Bazilevs, Y. and Hughes, T. J. R.},
  title = {Isogeometric analysis of the {C}ahn-{H}illiard phase-field model},
  journal = {Comput. Methods Appl. Mech. Engrg.},
  year = {2008},
  volume = {197},
  pages = {4333--4352},
  number = {49-50},
  coden = {CMMECC},
  fjournal = {Computer Methods in Applied Mechanics and Engineering},
  issn = {0045-7825},
  mrclass = {80A22},
  mrnumber = {MR2463665},
  mrreviewer = {Ciprian G.-S. Gal}
}

@ARTICLE{GoHuNoCa10,
  author = {Hector G\'omez and Thomas J. R. Hughes and Xes\'us Nogueira and Victor
	M. Calo},
  title = {Isogeometric analysis of the isothermal {N}avier-{S}tokes-{K}orteweg
	equations},
  journal = {Comput. Methods Appl. Mech. Engrg.},
  year = {2010},
  volume = {199},
  pages = {1828 - 1840},
  number = {25-28},

}

@ARTICLE{Gahalaut_MG,
  author = {K.P.S. Gahalaut and J.K. Kraus and S.K. Tomar},
  title = {Multigrid methods for isogeometric discretization },
  fjournal = {Computer Methods in Applied Mechanics and Engineering },
  journal = {Comput. Methods Appl. Mech. Engrg.},
  year = {2013},
  volume = {253},
  pages = {413 - 425},
  issn = {0045-7825},
}

@ARTICLE{Gahalaut_AMG,
  author = {K.P.S. Gahalaut and S.K. Tomar and J.K. Kraus},
  title = {Algebraic multilevel preconditioning in isogeometric analysis: Construction
	and numerical studies },
  fjournal = {Computer Methods in Applied Mechanics and Engineering },
  journal = {Comput. Methods Appl. Mech. Engrg.},
  year = {2013},
  volume = {266},
  pages = {40 - 56},
  issn = {0045-7825},
}


@ARTICLE{GH1992,
  author = {Gatica, G. N. and Hsiao, G. C.},
  title = {On the coupled {BEM} and {FEM} for a nonlinear exterior {D}irichlet
	problem in {${\bf R}\sp 2$}},
  journal = {Numer. Math.},
  year = {1992},
  volume = {61},
  pages = {171--214},
  number = {2},
  coden = {NUMMA7},
  fjournal = {Numerische Mathematik},
  issn = {0029-599X},
  mrclass = {65N38 (35J65 65N30)},
  mrnumber = {MR1147576 (92j:65179)}
}

@ARTICLE{GH1989,
  author = {Gatica, G. N. and Hsiao, G. C.},
  title = {The coupling of boundary element and finite element methods for a
	nonlinear exterior boundary value problem},
  journal = {Z. Anal. Anwendungen},
  year = {1989},
  volume = {8},
  pages = {377--387},
  number = {4},
  fjournal = {Zeitschrift f{\"u}r Analysis und ihre Anwendungen},
  issn = {0232-2064},
  mrclass = {65N30},
  mrnumber = {MR1027126 (90k:65174)},
  mrreviewer = {Gunther Schmidt}
}

@ARTICLE{GW1997,
  author = {Gatica, G. N. and Wendland, W. L.},
  title = {Coupling of mixed finite elements and boundary elements for a hyperelastic
	interface problem},
  journal = {SIAM J. Numer. Anal.},
  year = {1997},
  volume = {34},
  pages = {2335--2356},
  number = {6},
  coden = {SJNAAM},
  fjournal = {SIAM Journal on Numerical Analysis},
  issn = {0036-1429},
  mrclass = {65N30 (65N38 73C50 73V05)},
  mrnumber = {MR1480384 (98i:65098)},
  mrreviewer = {Gabriel J. Lord}
}

@ARTICLE{GW1996,
  author = {Gatica, G. N. and Wendland, W. L.},
  title = {Coupling of mixed finite elements and boundary elements for linear
	and nonlinear elliptic problems},
  journal = {Appl. Anal.},
  year = {1996},
  volume = {63},
  pages = {39--75},
  number = {1-2},
  coden = {APANCC},
  fjournal = {Applicable Analysis. An International Journal},
  issn = {0003-6811},
  mrclass = {65N38 (65N30)},
  mrnumber = {MR1622612 (99a:65167)}
}

@BOOK{GIR86,
  title = {Finite {E}lement {M}ethods for {N}avier--{S}tokes {E}quations},
  publisher = {Springer},
  year = {1986},
  author = {V. Girault and P.-A. Raviart},
  address = {Berlin}
}

@ARTICLE{Glowinski_Kuznetsov1998,
  author = {Glowinski, Roland and Kuznetsov, Yuri},
  title = {On the solution of the {D}irichlet problem for linear elliptic operators
	by a distributed {L}agrange multiplier method},
  journal = {C. R. Acad. Sci. Paris S\'er. I Math.},
  year = {1998},
  volume = {327},
  pages = {693--698},
  number = {7},
  coden = {CASMEI},
  fjournal = {Comptes Rendus de l'Acad\'emie des Sciences. S\'erie I. Math\'ematique},
  issn = {0764-4442},
  mrclass = {65N30 (65F35)},
  mrnumber = {MR1652674 (99f:65165)}
}

@ARTICLE{GSMT12,
  author = {Sanjay Govindjee and John Strain and Toby J. Mitchell and Robert
	L. Taylor},
  title = {Convergence of an efficient local least-squares fitting method for
	bases with compact support },
  journal = {Comput. Methods Appl. Mech. Engrg.},
  fjournal = {Computer Methods in Applied Mechanics and Engineering},
  year = {2012},
  volume = {213-216},
  pages = {84 - 92},
  issn = {0045-7825},
  keywords = {Least squares},
}


@ARTICLE{GL04,
  author = {Graglia, Roberto D. and Lombardi, Guido},
  title = {Singular higher order complete vector bases for finite methods},
  journal = {IEEE Trans. Antennas and Propagation},
  year = {2004},
  volume = {52},
  pages = {1672--1685},
  number = {7},
  coden = {IETPAK},
  fjournal = {Institute of Electrical and Electronics Engineers. Transactions on
	Antennas and Propagation},
  issn = {0018-926X},
  mrclass = {78M10},
  mrnumber = {MR2069137}
}

@BOOK{Grisvard,
  title = {Elliptic problems in nonsmooth domains},
  publisher = {Pitman (Advanced Publishing Program)},
  year = {1985},
  author = {Grisvard, P.},
  volume = {24},
  pages = {xiv+410},
  series = {Monographs and Studies in Mathematics},
  address = {Boston, MA},
  isbn = {0-273-08647-2},
  mrclass = {35J25 (35-02)},
  mrnumber = {MR775683 (86m:35044)},
  mrreviewer = {P. Szeptycki}
}

@book {GK,
    AUTHOR = {Gross, Paul W. and Kotiuga, P. Robert},
     TITLE = {Electromagnetic theory and computation: a topological
              approach},
    SERIES = {Mathematical Sciences Research Institute Publications},
    VOLUME = {48},
 PUBLISHER = {Cambridge University Press, Cambridge},
      YEAR = {2004},
     PAGES = {x+278},
      ISBN = {0-521-80160-5},
   MRCLASS = {78-02 (57-02 78A30 78M10)},
  MRNUMBER = {2067778 (2005d:78001)},
MRREVIEWER = {Jeffrey K. Lawson},
       DOI = {10.1017/CBO9780511756337},
       URL = {http://dx.doi.org/10.1017/CBO9780511756337},
}

@INCOLLECTION{GRK01a,
  author = {P. W. Gross and P. R. Kotiuga},
  title = {Finite element-based algorithms to make cuts for magnetic scalar
	potentials: topological constraints and computational complexity},
  booktitle = {Geometric {M}ethods for {C}omputational {E}lectromagnetics},
  publisher = {EMW Publishing},
  year = {2001},
  editor = {F.L. Teixeira},
  pages = {207-245},
  address = {Cambridge, MA}
}

@book {Hatcher,
    AUTHOR = {Hatcher, Allen},
     TITLE = {Algebraic topology},
 PUBLISHER = {Cambridge University Press, Cambridge},
      YEAR = {2002},
     PAGES = {xii+544},
      ISBN = {0-521-79160-X; 0-521-79540-0},
   MRCLASS = {55-01 (55-00)},
  MRNUMBER = {1867354 (2002k:55001)},
MRREVIEWER = {Donald W. Kahn},
}

@ARTICLE{HHIKL93,
  author = {M. H{\"a}m{\"a}l{\"a}inen and R. Hari and R. J. Ilmoniemi and J.
	Knuutila and O. V. Lounasmaa},
  title = {Magnetoencephalography - theory, instrumentation, and applications
	to noninvasive studies of the working human brain},
  journal = {Rev. Mod. Phys.},
  year = {1993},
  volume = {65},
  pages = {413-497},
  number = {2}
}

@ARTICLE{H2002b,
  author = {Hiptmair, R.},
  title = {Symmetric coupling for eddy current problems},
  journal = {SIAM J. Numer. Anal.},
  year = {2002},
  volume = {40},
  pages = {41--65},
  number = {1},
  fjournal = {SIAM Journal on Numerical Analysis},
  issn = {0036-1429},
  mrclass = {78M10 (65N30 65N38 78M15)},
  mrnumber = {MR1921909 (2003j:78056)},
  mrreviewer = {Per L{\"o}tstedt}
}

@ARTICLE{HIP02a,
  author = {Hiptmair, R.},
  title = {Finite elements in computational electromagnetism},
  journal = {Acta Numer.},
  year = {2002},
  volume = {11},
  pages = {237--339},
  fjournal = {Acta Numerica}
}

@ARTICLE{HIP99c,
  author = {R. Hiptmair},
  title = {Discrete {H}odge operators},
  journal = {Numer. Math.},
  year = {2001},
  volume = {90},
  pages = {265-289}
}

@ARTICLE{HIO01,
  author = {R. Hiptmair and J. Ostrowski},
  title = {Generators of {$H_1(\Gamma_{\symbol{104}},\mathbb{Z})$} for Triangulated
	Surfaces: construction and classification},
  journal = {SIAM J. Computing},
  year = {2002},
  volume = {31},
  pages = {1405-1423}
}

@ARTICLE{HS05,
  author = {R. Hiptmair and O. Sterz},
  title = {Current and voltage excitations for the eddy current model},
  journal = {Int. J. Numer. Modelling},
  year = {2005},
  volume = {18},
  pages = {1-21}
}

@ARTICLE{hosseini2013isogeometric,
  author = {Hosseini, Saman and Remmers, Joris JC and Verhoosel, Clemens V and
	Borst, Ren{\'e}},
  title = {An isogeometric solid-like shell element for nonlinear analysis},
  journal = {Internat. J. Numer. Methods Engrg.},
  year = {2013},
  volume = {95},
  pages = {238--256},
  number = {3},
  fjournal = {International Journal for Numerical Methods in Engineering},
  publisher = {Wiley Online Library}
}

@ARTICLE{MR1972727,
  author = {Huang, Yunqing and Xu, Jinchao},
  title = {A conforming finite element method for overlapping and nonmatching
	grids},
  journal = {Math. Comp.},
  year = {2003},
  volume = {72},
  pages = {1057--1066 (electronic)},
  number = {243},
  coden = {MCMPAF},
  fjournal = {Mathematics of Computation},
  issn = {0025-5718},
  mrclass = {65N30 (65N15)},
  mrnumber = {MR1972727 (2004a:65154)},
  mrreviewer = {Lucia Gastaldi}
}

@BOOK{Hughes_book,
  title = {The finite element method},
  publisher = {Prentice Hall Inc.},
  year = {1987},
  author = {Hughes, Thomas J. R.},
  pages = {xxviii+803},
  address = {Englewood Cliffs, NJ},
  isbn = {0-13-317025-X},
  mrclass = {65-01 (73-01 73-08 73K25)},
  mrnumber = {1008473 (90i:65001)},
  mrreviewer = {P. Rochus}
}

@ARTICLE{Hughes_Cottrell_Bazilevs,
  author = {Hughes, T. J. R. and Cottrell, J. A. and Bazilevs, Y.},
  title = {Isogeometric analysis: {CAD}, finite elements, {NURBS}, exact geometry
	and mesh refinement},
  journal = {Comput. Methods Appl. Mech. Engrg.},
  year = {2005},
  volume = {194},
  pages = {4135--4195},
  number = {39-41},
  coden = {CMMECC},
  fjournal = {Computer Methods in Applied Mechanics and Engineering},
  issn = {0045-7825},
  mrclass = {65D17 (65N30 74S05)},
  mrnumber = {MR2152382 (2006a:65018)}
}

@ARTICLE{Hughes_Reali_Sangalli1,
  author = {T. J. R. Hughes and A. Reali and G. Sangalli},
  title = {Efficient quadrature for {NURBS}-based isogeometric analysis},
  journal = {Comput. Methods Appl. Mech. Engrg.},
  year = {2010},
  volume = {199},
  pages = {301 - 313},
  number = {5-8},
  fjournal = {Computer Methods in Applied Mechanics and Engineering},
  issn = {0045-7825},
  keywords = {Numerical integration}
}

@ARTICLE{HRS08,
  author = {Hughes, T. J. R. and Reali, A. and Sangalli, G.},
  title = {Duality and unified analysis of discrete approximations in structural
	dynamics and wave propagation: comparison of {$p$}-method finite
	elements with {$k$}-method {NURBS}},
  journal = {Comput. Methods Appl. Mech. Engrg.},
  year = {2008},
  volume = {197},
  pages = {4104--4124},
  number = {49-50},
  coden = {CMMECC},
  fjournal = {Computer Methods in Applied Mechanics and Engineering},
  issn = {0045-7825},
  mrclass = {65Mxx (74H45 74S05)},
  mrnumber = {MR2463659}
}

@BOOK{Jin,
  title = {The finite element method in electromagnetics},
  publisher = {Wiley-Interscience [John Wiley \& Sons]},
  year = {2002},
  author = {Jin, Jianming},
  pages = {xxvi+753},
  address = {New York},
  edition = {Second},
  isbn = {0-471-43818-9},
  mrclass = {78M10 (65N30 65N38 78-02)},
  mrnumber = {1903357 (2004b:78019)},
  mrreviewer = {Annalisa Buffa}
}

@ARTICLE{JN1980,
  author = {Johnson, Claes and N{\'e}d{\'e}lec, J.-Claude},
  title = {On the coupling of boundary integral and finite element methods},
  journal = {Math. Comp.},
  year = {1980},
  volume = {35},
  pages = {1063--1079},
  number = {152},
  coden = {MCMPAF},
  fjournal = {Mathematics of Computation},
  issn = {0025-5718},
  mrclass = {65N30},
  mrnumber = {MR583487 (82c:65072)},
  mrreviewer = {Reinhard Scholz}
}

@INCOLLECTION{JOL03,
  author = {P. Joly},
  title = {Variational methods for time-dependent wave propagation problems},
  booktitle = {Topics in {C}omputational {W}ave {P}ropagation. {D}irect and {I}nverse
	{P}roblems},
  publisher = {Springer},
  year = {2003},
  editor = {M. Ainsworth and P. Davis and D. Duncan and P. Martin and B. Rynne},
  volume = {31},
  series = {Lecture Notes in Computational Science and Engineering},
  pages = {201-264},
  address = {Berlin}
}

@BOOK{KS04,
  title = {Statistical and {C}omputational {I}nverse {P}roblems},
  publisher = {Springer},
  year = {2004},
  author = {J. Kaipio and E. Somersalo},
  address = {New York}
}

@ARTICLE{KK99,
  author = {Kanayama, Hiroshi and Kikuchi, Fumio},
  title = {3-{D} eddy current computation using {N}edelec elements},
  journal = {Information},
  year = {1999},
  volume = {2},
  pages = {37--45},
  number = {1}
}

@ARTICLE{KTSK01,
  author = {Kanayama, Hiroshi and Tagami, Daisuke and Saito, Masahiro and Kikuchi,
	Fumio},
  title = {A numerical method for 3-{D} eddy current problems},
  journal = {Japan J. Indust. Appl. Math.},
  year = {2001},
  volume = {18},
  pages = {603--612},
  number = {2},
  issn = {0916-7005},
  mrclass = {78M10 (65N30)},
  mrnumber = {1 842 930}
}

@ARTICLE{KKP13,
  author = {A. Karatarakis and P. Karakitsios and M. Papadrakakis},
  title = {{GPU} accelerated computation of the isogeometric analysis stiffness
	matrix },
  journal = {Comput. Methods Appl. Mech. Engrg.},
  fjournal = {Computer Methods in Applied Mechanics and Engineering },
  year = {2014},
  volume = {269},
  pages = {334-355},
  issn = {0045-7825},
}

@article{Kellogg,
  title={On the {P}oisson equation with intersecting interfaces},
  author={R. B. Kellogg},
  journal={Applicable Anal.},
  volume={4},
  number={2},
  pages={101--129},
  year={1974/75},
  publisher={Taylor \& Francis}
}

@ARTICLE{KET01,
  author = {L. Kettunen},
  title = {Fields and circuits in computational electromagnetism},
  journal = {IEEE Trans. on Magnetics},
  year = {2001},
  volume = {37},
  pages = {3393--3396},
  number = {5}
}

@ARTICLE{KFB99,
  author = {L. Kettunen and K. Forsman and A. Bossavit},
  title = {Gauging in {W}hitney spaces},
  journal = {IEEE Trans. Magn.},
  year = {1999},
  volume = {35},
  pages = {1466-1469},
  number = {3}
}

@ARTICLE{Kikuchi,
  author = {Fumio Kikuchi},
  title = {Mixed and penalty formulations for finite element analysis of an
	eigenvalue problem in electromagnetism },
  fjournal = {Computer Methods in Applied Mechanics and Engineering },
  journal = {Comput. Methods Appl. Mech. Engrg.},
  year = {1987},
  volume = {64},
  pages = {509 - 521},
  number = {1-3},
  issn = {0045-7825}
}

@ARTICLE{MR2032285,
  author = {Kim, Hwanho and Xu, Jinchao and Zikatanov, Ludmil},
  title = {Uniformly convergent multigrid methods for convection-diffusion problems
	without any constraint on coarse grids},
  journal = {Adv. Comput. Math.},
  year = {2004},
  volume = {20},
  pages = {385--399},
  number = {4},
  fjournal = {Advances in Computational Mathematics},
  issn = {1019-7168},
  mrclass = {65N55 (76M10)},
  mrnumber = {MR2032285 (2004k:65252)},
  mrreviewer = {Dietrich Braess}
}

@ARTICLE{MR1964291,
  author = {Kim, HwanHo and Xu, Jinchao and Zikatanov, Ludmil},
  title = {A multigrid method based on graph matching for convection-diffusion
	equations},
  journal = {Numer. Linear Algebra Appl.},
  year = {2003},
  volume = {10},
  pages = {181--195},
  number = {1-2},
  note = {Dedicated to the 60th birthday of Raytcho Lazarov},
  coden = {NLAAEM},
  fjournal = {Numerical Linear Algebra with Applications},
  issn = {1070-5325},
  mrclass = {65N55},
  mrnumber = {MR1964291 (2004b:65202)}
}

@ARTICLE{Klawonn1998,
  author = {Klawonn, Axel},
  title = {An optimal preconditioner for a class of saddle point problems with
	a penalty term},
  journal = {SIAM J. Sci. Comput.},
  year = {1998},
  volume = {19},
  pages = {540--552 (electronic)},
  number = {2},
  fjournal = {SIAM Journal on Scientific Computing},
  issn = {1064-8275},
  mrclass = {65F35 (65N30 73V05)},
  mrnumber = {MR1618832 (99d:65137)},
  mrreviewer = {I. N. Molchanov}
}

@ARTICLE{kleissieti,
  author = {Stefan K. Kleiss and Clemens Pechstein and Bert J{\"u}ttler and Satyendra
	Tomar},
  title = {{IETI}-{I}sogeometric {T}earing and {I}nterconnecting},
  journal = {Comput. Methods Appl. Mech. Engrg.},
  year = {2012},
  volume = {247--248},
  pages = {201 - 215},
  fjournal = {Computer Methods in Applied Mechanics and Engineering},
  issn = {0045-7825}
}

@INCOLLECTION{KLS2000,
  author = {Kuhn, Michael and Langer, Ulrich and Sch{\"o}berl, Joachim},
  title = {Scientific computing tools for 3{D} magnetic field problems},
  booktitle = {The {M}athematics of {F}inite {E}lements and {A}pplications X (Uxbridge
	1999), J. R. Whiteman, ed.},
  publisher = {Elsevier},
  year = {2000},
  pages = {239--258},
  address = {Oxford},
  mrclass = {78M10 (78M25)},
  mrnumber = {MR1801980}
}

@ARTICLE{KS2002,
  author = {Kuhn, M. and Steinbach, O.},
  title = {Symmetric coupling of finite and boundary elements for exterior magnetic
	field problems},
  journal = {Math. Methods Appl. Sci.},
  year = {2002},
  volume = {25},
  pages = {357--371},
  number = {5},
  coden = {MMSCDB},
  fjournal = {Mathematical Methods in the Applied Sciences},
  issn = {0170-4214},
  mrclass = {65N30 (65F10 65N38 78M10 78M15)},
  mrnumber = {MR1888161 (2003b:65122)}
}

@INCOLLECTION{LLM01,
  author = {Lee, Byung-Gook and Lyche, Tom and M{\o}rken, Knut},
  title = {Some examples of quasi-interpolants constructed from local spline
	projectors},
  booktitle = {Mathematical methods for curves and surfaces ({O}slo, 2000)},
  publisher = {Vanderbilt Univ. Press},
  year = {2001},
  series = {Innov. Appl. Math.},
  pages = {243--252},
  address = {Nashville, TN},
  mrclass = {65D07},
  mrnumber = {1858961}
}

@ARTICLE{Lee_1998,
  author = {Lee, Chang-Ock},
  title = {Multigrid methods for the pure traction problem of linear elasticity:
	mixed formulation},
  journal = {SIAM J. Numer. Anal.},
  year = {1998},
  volume = {35},
  pages = {121--145 (electronic)},
  number = {1},
  fjournal = {SIAM Journal on Numerical Analysis},
  issn = {0036-1429},
  mrclass = {73V05 (65N55 73C02)},
  mrnumber = {MR1618440 (99a:73125)}
}

@ARTICLE{Lee_1998_2,
  author = {Lee, Chang-Ock},
  title = {A conforming mixed finite element method for the pure traction problem
	of linear elasticity},
  journal = {Appl. Math. Comput.},
  year = {1998},
  volume = {93},
  pages = {11--29},
  number = {1},
  coden = {AMHCBQ},
  fjournal = {Applied Mathematics and Computation},
  issn = {0096-3003},
  mrclass = {73V05 (65N30 73C02)},
  mrnumber = {MR1626280 (99b:73041)},
  mrreviewer = {Pekka Neittaanm{\"a}ki}
}

@INCOLLECTION{Lee_Xu_Zikatanov_2003,
  author = {Y-J. Lee and J. Xu and L. Zikatanov},
  title = {Successive subspace correction method for singular system of equations},
  booktitle = {Domain decomposition methods in science and engineering},
  publisher = {Natl. Auton. Univ. Mex., M\'exico},
  year = {2003},
  pages = {315--321 (electronic)},
  mrclass = {65N55 (65N22)},
  mrnumber = {MR2099439}
}

@ARTICLE{LR89,
  author = {P. J. Leonard and D. Rodger},
  title = {A new method for cutting the magnetic scalar potential in multiply
	connected eddy current problems},
  journal = {IEEE Trans. Magn.},
  year = {1989},
  volume = {25},
  pages = {4132--4134}
}

@ARTICLE{LR88,
  author = {P. J. Leonard and D. Rodger},
  title = {Finite element scheme for transient 3{D} eddy currents},
  journal = {IEEE Trans. Magn.},
  year = {1988},
  volume = {24},
  pages = {90--93}
}

@ARTICLE{LiCh11,
  author = {Li, X. and Chen, F.},
  title = {On the instability in the dimension of splines spaces over {T}-meshes},
  journal = {Comput. Aided Geom. Design},
  year = {2011},
  volume = {28},
  pages = {420--426},
  number = {7},
  coden = {CAGDEX},
  fjournal = {Computer Aided Geometric Design},
  issn = {0167-8396},
  mrclass = {65D07 (41A15)},
  mrnumber = {2836487},
  mrreviewer = {Gerlind Plonka-Hoch}
}

@TECHREPORT{Li_Scott,
  author = {Li, X. and Scott, M.A.},
  title = {On the Nesting Behavior of {T}-splines},
  institution = {ICES},
  year = {2011},
  number = {11-13}
}

@ARTICLE{LZSHS12,
  author = {X. Li and J. Zheng and T.W. Sederberg and T.J.R. Hughes and M.A.
	Scott},
  title = {On linear independence of {T}-spline blending functions},
  journal = {Comput. Aided Geom. Design},
  year = {2012},
  volume = {29},
  pages = {63 - 76},
  number = {1},
  fjournal = {Computer Aided Geometric Design},
  issn = {0167-8396}
}

@ARTICLE{Lipton_Evans_Bazilevs,
  author = {S. Lipton and J. A. Evans and Y. Bazilevs and T. Elguedj and T. J.
	R. Hughes},
  title = {Robustness of isogeometric structural discretizations under severe
	mesh distortion},
  journal = {Comput. Methods Appl. Mech. Engrg.},
  year = {2010},
  volume = {199},
  pages = {357 - 373},
  number = {5-8},
  fjournal = {Computer Methods in Applied Mechanics and Engineering},
  issn = {0045-7825},
  keywords = {Isogeometric analysis}
}

@ARTICLE{MPS10,
  author = {Carla Manni and Francesca Pelosi and M. Lucia Sampoli},
  title = {Generalized {B}-splines as a tool in isogeometric analysis},
  journal = {Comput. Methods Appl. Mech. Engrg.},
  year = {2011},
  volume = {200},
  pages = {867--881},
  number = {5-8},
  date-added = {2011-05-03 15:07:05 +0200},
  date-modified = {2011-05-03 15:08:36 +0200},
  fjournal = {Computer Methods in Applied Mechanics and Engineering}
}

@INPROCEEDINGS{MJ13,
 author = {Mantzaflaris, A. and J\"uttler, B.},
 title = {Exploring Matrix Generation Strategies in Isogeometric Analysis},
 booktitle = {Mathematical Methods for Curves and Surfaces}, 
 year = {2013},
 publisher = {Springer}, 
 editor = {M.-L. Mazure and others},
  pages = {1--19},
 note = {To appear}
}

@ARTICLE{MR1342288,
  author = {Marion, Martine and Xu, Jinchao},
  title = {Error estimates on a new nonlinear {G}alerkin method based on two-grid
	finite elements},
  journal = {SIAM J. Numer. Anal.},
  year = {1995},
  volume = {32},
  pages = {1170--1184},
  number = {4},
  coden = {SJNAAM},
  fjournal = {SIAM Journal on Numerical Analysis},
  issn = {0036-1429},
  mrclass = {65M60},
  mrnumber = {MR1342288 (96f:65136)},
  mrreviewer = {Wojciech Mydlarczyk}
}

@ARTICLE{Martin_Cohen_Kirby,
  author = {T. Martin and E. Cohen and R.M. Kirby},
  title = {Volumetric parameterization and trivariate {B}-spline fitting using
	harmonic functions},
  journal = {Comput. Aided Geom. Design.},
  fjournal = {Computer Aided Geometric Design},
  year = {2009},
  volume = {26},
  pages = {648 - 664},
  number = {6},
  issn = {0167-8396},
  keywords = {Trivariate b-spline modeling and generation}
}

@ARTICLE{Matache_Babuska_Schwab_2000,
  author = {A.M. Matache and I. Babuska and C. Schwab},
  title = {Generalized $p$-FEM in homogenization},
  journal = {Numer. Math.},
  year = {2000},
  volume = {54},
  pages = {319--375}
}

@ARTICLE{Matache_Schwab_2000,
  author = {A. Matache and C. Schwab},
  title = {Finite dimensional approximations for elliptic problems with rapidly
	oscillating coefficients},
  journal = {Multiscale problems in science and technology},
  year = {2000},
  pages = {203--242}
}

@ARTICLE{MCK1983,
  author = {Mayergoyz, I. D. and Chari, M. V. K. and Konrad, A.},
  title = {Boundary {G}alerkin's method for three-dimensional finite element
	electromagnetic field computation},
  journal = {IEEE Trans. Magn.},
  year = {1983},
  volume = {MAG-19},
  pages = {2333--2336},
  number = {6}
}

@BOOK{ML2000,
  title = {Strongly {E}lliptic {S}ystems and {B}oundary {I}ntegral {E}quations},
  publisher = {Cambridge University Press},
  year = {2000},
  author = {McLean, William},
  pages = {xiv+357},
  address = {Cambridge},
  isbn = {0-521-66332-6; 0-521-66375-X},
  mrclass = {35J45 (47F05 47G10 47N20 65N38)},
  mrnumber = {MR1742312 (2001a:35051)},
  mrreviewer = {Dorina I. Mitrea}
}

@ARTICLE{MS2003,
  author = {Meddahi, Salim and Selgas, Virginia},
  title = {A mixed-{FEM} and {BEM} coupling for a three-dimensional eddy current
	problem},
  journal = {M2AN Math. Model. Numer. Anal.},
  year = {2003},
  volume = {37},
  pages = {291--318},
  number = {2},
  fjournal = {M2AN. Mathematical Modelling and Numerical Analysis},
  issn = {0764-583X},
  mrclass = {78A25 (65N12 65N30 65N38 78M10 78M15)},
  mrnumber = {MR1991202 (2004f:78007)}
}

@ARTICLE{Babuska_Melenk_2,
  author = {J.M. Melenk and I. Babu{\v{s}}ka},
  title = {The partition of unity finite element method: basic theory and applications},
  journal = {Comput. Methods Appl. Mech. Engrg.},
  year = {1996},
  volume = {139},
  pages = {289--314},
  number = {1-4},
  fjournal = {Computer Methods in Applied Mechanics and Engineering}
}

@ARTICLE{MLG03,
  author = {G. Meunier and Y. {Le Floch} and C. Gu\'erin},
  title = {A nonlinear circuit coupled ${\bf t}$-${\bf t_0}$-$\phi$ formulation
	for solid conductors},
  journal = {IEEE Trans. Magn.},
  year = {2003},
  volume = {39},
  pages = {1729--1732}
}

@article {Mokris2014,
    AUTHOR = {Mokri{\v{s}}, Dominik and J{\"u}ttler, Bert and Giannelli,
              Carlotta},
     TITLE = {On the completeness of hierarchical tensor-product
              {$B$}-splines},
   JOURNAL = {J. Comput. Appl. Math.},
  FJOURNAL = {Journal of Computational and Applied Mathematics},
    VOLUME = {271},
      YEAR = {2014},
     PAGES = {53--70},
      ISSN = {0377-0427},
   MRCLASS = {41A15 (65D07)},
  MRNUMBER = {3209913},
MRREVIEWER = {Scott N. Kersey},
       DOI = {10.1016/j.cam.2014.04.001},
       URL = {http://dx.doi.org/10.1016/j.cam.2014.04.001},
}

@BOOK{Monk,
  title = {Finite element methods for {M}axwell's equations},
  publisher = {Oxford University Press},
  year = {2003},
  author = {P. Monk},
  address = {Oxford}
}

@article {MNS02,
    AUTHOR = {Morin, Pedro and Nochetto, Ricardo H. and Siebert, Kunibert
              G.},
     TITLE = {Convergence of adaptive finite element methods},
   JOURNAL = {SIAM Rev.},
  FJOURNAL = {SIAM Review},
    VOLUME = {44},
      YEAR = {2002},
    NUMBER = {4},
     PAGES = {631--658 (2003)},
      ISSN = {0036-1445},
     CODEN = {SIREAD},
}

@ARTICLE{MOR82,
  author = {Morisue, T.},
  title = {Magnetic vector potential and electric scalar potential in three-dimensional
	eddy current problem},
  journal = {IEEE Trans. Magn.},
  year = {1982},
  volume = {MAG-18},
  pages = {531--535}
}

@TECHREPORT{Mourr10,
  author = {Mourrain, B. },
  title = {On the dimension of spline spaces on planar {T}-meshes},
  institution = {INRIA},
  year = {2012},
  address = {http://hal.inria.fr/inria-00533187/en},
  optkey = {preprint INRIA},
  optyear = {2010}
}

@UNPUBLISHED{MoPe12,
  author = {Mourrain, B. and Pettersen, K.F.},
  title = {On the dimension of spline spaces over box partitions in Rd,},
  note = {(in preparation)},
  optannote = {On the dimension of spline spaces over box partitions in Rd}
}

@BOOK{N2001,
  title = {Acoustic and {E}lectromagnetic {E}quations},
  publisher = {Springer},
  year = {2001},
  author = {N{\'e}d{\'e}lec, Jean-Claude},
  pages = {x+316},
  address = {New York},
  isbn = {0-387-95155-5},
  mrclass = {35-02 (35C15 35J05 35Q60 45H05 78A25)},
  mrnumber = {MR1822275 (2002c:35003)},
  mrreviewer = {Rainer Picard}
}

@ARTICLE{NED80,
  author = {J.-C. N{\'e}d{\'e}lec},
  title = {Mixed Finite Elements in {$\mathbb{R}^3$}},
  journal = {Numer. Math.},
  year = {1980},
  volume = {35},
  pages = {315--341}
}

@ARTICLE{NHSS13,
  author = {Nannen, Lothar and Hohage, Thorsten and Sch{\"a}dle, Achim and Sch{\"o}berl,
	Joachim},
  title = {Exact {S}equences of {H}igh {O}rder {H}ardy {S}pace {I}nfinite {E}lements
	for {E}xterior {M}axwell {P}roblems},
  journal = {SIAM J. Sci. Comput.},
  year = {2013},
  volume = {35},
  pages = {A1024--A1048},
  number = {2},
  coden = {SJOCE3},
  fjournal = {SIAM Journal on Scientific Computing},
  issn = {1064-8275},
  mrclass = {Preliminary Data},
  mrnumber = {3040963}
}

@BOOK{Necas_Hlavacek,
  title = {Mathematical theory of elastic and elasto-plastic bodies: an introduction},
  publisher = {Elsevier Scientific Publishing Co.},
  year = {1980},
  author = {Ne{\v{c}}as, Jind{\v{r}}ich and Hlav{\'a}{\v{c}}ek, Ivan},
  volume = {3},
  pages = {342},
  series = {Studies in Applied Mechanics},
  address = {Amsterdam},
  isbn = {0-444-99754-7},
  mrclass = {73-02 (46N05 49D15 65Nxx)},
  mrnumber = {MR600655 (82h:73002)},
  mrreviewer = {E. S. {\c{S}}uhubi}
}

@ARTICLE{Nepomnyaschikh_1992,
  author = {S.V. Nepomnyaschikh},
  title = {Decomposition and fictitious domains methods for elliptic boundary
	value problems},
  journal = {SIAM, Philadelphia},
  year = {1992},
  pages = {581--613},
  note = {Fifth International Symposium on Domain Decomposition Methods for
	Partial Differential Equations}
}

@misc{migfem,
Author = {Vinh Phu Nguyen and St{\'e}phane P. A. Bordas and Timon Rabczuk},
Title = {Isogeometric analysis: an overview and computer implementation aspects},
Year = 2012,
Eprint = {1205.2129v2},
}

@ARTICLE{Bordas_Nitsche,
  author = {Nguyen, V.P. and Kerfriden, P. and Brino, M. and Bordas, S.P.A. and
	Bonisoli, E.},
  title = {Nitsche's method for two and three dimensional {NURBS} patch coupling},
  journal = {Comput. Mech. },
  fjournal = {Computational Mechanics},
  year = {2013},
  doi = {10.1007/s00466-013-0955-3},
  note = {To appear},
pages={1-20}
}


@ARTICLE{MR1860445,
  author = {Nicaise, Serge},
  title = {Edge elements on anisotropic meshes and approximation of the {M}axwell
	equations},
  journal = {SIAM J. Numer. Anal.},
  year = {2001},
  volume = {39},
  pages = {784--816 (electronic)},
  number = {3},
  fjournal = {SIAM Journal on Numerical Analysis},
  issn = {0036-1429},
  mrclass = {65N30 (65N15 78M25)},
  mrnumber = {1860445 (2002h:65192)}
}

@TECHREPORT{igatools,
  author = {Sebasti\'an Pauletti and Massimiliano Martinelli and Nicola Cavallini
	and Pablo Antol\'in},
  title = {Igatools: an isogeometric analysis library},
  institution = {IMATI-CNR},
  year = {2013}
}

@PHDTHESIS{Petzoldt,
  author = {Petzoldt, M.},
  title = {Regularity and error estimators for elliptic problems with discontinuous coefficients},
  school = {Berlin: Freie Univ.},
  year = {2001}
}


@article {Picard,
    AUTHOR = {Picard, R.},
     TITLE = {An elementary proof for a compact imbedding result in
              generalized electromagnetic theory},
   JOURNAL = {Math. Z.},
  FJOURNAL = {Mathematische Zeitschrift},
    VOLUME = {187},
      YEAR = {1984},
    NUMBER = {2},
     PAGES = {151--164},
      ISSN = {0025-5874},
     CODEN = {MAZEAX},
}

@BOOK{Piegl,
  title = {{The Nurbs Book}},
  publisher = {Springer-Verlag},
  year = {1997},
  author = {Piegl, L.A. and Tiller, W.},
  address = {New York}
}

@ARTICLE{rank12,
  author = {Rank, E and Ruess, M. and Kollmannsberger, S. and Schillinger, D.
	and D\"{u}ster, A.},
  title = {Geometric modeling, Isogeometric Analysis and the Finite Cell Method},
  journal = {Comput. Methods Appl. Mech. Engrg.},
  year = {2012},
  volume = {249--252},
  pages = {104 - 115},
}

@ARTICLE{BR09,
  author = {Rapetti, Francesca and Bossavit, Alain},
  title = {Whitney forms of higher degree},
  journal = {SIAM J. Numer. Anal.},
  year = {2009},
  volume = {47},
  pages = {2369--2386},
  number = {3},
  fjournal = {SIAM Journal on Numerical Analysis},
  issn = {0036-1429},
  mrclass = {65N30 (68U20 78M10)},
  mrnumber = {2519607 (2010k:65266)}
}

@ARTICLE{RDB03,
  author = {F. Rapetti and F. Dubois and A. Bossavit},
  title = {Discrete vector potentials for nonsimply connected three-dimensional
	domains},
  journal = {SIAM J. Numer. Anal.},
  year = {2003},
  volume = {41},
  pages = {1505-1527},
  number = {4}
}

@TECHREPORT{RST99,
  author = {Jacques Rappaz and Marek Swierkosz and Christophe Trophime},
  title = {Un mod\`ele math\'ematique et num\'erique pour un logiciel de simulation
	tridimensionnelle d'induction \'electromagn\'etique},
  institution = {D\'epartement de Math\'ematiques, \'Ecole Polytechnique F\'ed\'erale
	de Lausanne},
  year = {1999},
  number = {05.99}
}

@TECHREPORT{pigasus,
  author = {Ahmed Ratnani},
  title = {{$\Pi$}gasus: {P}ython for {I}so{G}eometric {A}nalysi{S} and {U}nified
	{S}imulations},
  institution = {INRIA},
  year = {2012},
  address = {hal.inria.fr/hal-00769225/en}
}

@ARTICLE{ratnani,
  author = {Ratnani, Ahmed and Sonnendr{\"u}cker, Eric},
  title = {An Arbitrary High-Order Spline Finite Element Solver for the Time
	Domain {M}axwell Equations},
  journal = {J. Sci. Comput.},
  year = {2012},
  volume = {51},
  pages = {87-106},
  affiliation = {Project-team CALVI, INRIA Nancy Grand Est, 7 rue RenÃ© Descartes, 67084
	Strasbourg Cedex, France},
  fjournal = {Journal of Scientific Computing},
  issn = {0885-7474},
  issue = {1},
  keyword = {Mathematics and Statistics},
  publisher = {Springer Netherlands}
}

@INCOLLECTION{AV04,
  author = {A. Alonso Rodr{\'\i}guez and A. Valli},
  title = {Mixed Finite Element Approximation of Eddy Current Problems Based
	on the Electric Field},
  booktitle = {ECCOMAS 2004: European Congress on Computational Methods in Applied
	Sciences and Engineering, P. Neittaanm{\"a}ki, T. Rossi, K. Majava,
	and O. Pironneau, eds.},
  publisher = {University of Jyv{\"a}skyl{\"a}},
  year = {2004. http://www.mit.jyu.fi/eccomas2004/proceedings/pdf/185.pdf},
  address = {Jyv{\"a}skyl{\"a}}
}

@book{Rogers,
 author = {Rogers, David F.},
 title = {An Introduction to NURBS: With Historical Perspective},
 year = {2001},
 isbn = {1-55860-669-6},
 publisher = {Morgan Kaufmann Publishers Inc.},
 address = {San Francisco, CA, USA},
} 

@ARTICLE{Rousseau,
  author = {Rousseau, G.},
  title = {A sufficient condition for a non-negative matrix to have non-negative
	determinant},
  journal = {Linear and Multilinear Algebra},
  year = {1998},
  volume = {44},
  pages = {179--185},
  number = {2},
  coden = {LNMLAZ},
  fjournal = {Linear and Multilinear Algebra},
  issn = {0308-1087},
  mrclass = {15A48 (15A15)},
  mrnumber = {MR1674216 (99j:15030)}
}

@ARTICLE{RTV02,
  author = {G. Rubinacci and A. Tamburrino and F. Villone},
  title = {Circuits/fields coupling and multiply connected domains in integral
	formulations},
  journal = {IEEE Trans. Magn.},
  year = {2002},
  volume = {38},
  pages = {581--584}
}

@ARTICLE{Ruess2013,
  author = {Martin Ruess and Dominik Schillinger and Ali I. \"Ozcan and Ernst Rank},
  title = {Weak coupling for isogeometric analysis of non-matching and trimmed
	multi-patch geometries },
  fjournal = {Computer Methods in Applied Mechanics and Engineering },
  journal = {Comput. Methods Appl. Mech. Engrg. },
volume = "269",
pages = "46 - 71",
year = "2014",
  issn = {0045-7825},

}

@ARTICLE{RP12,
  author = {Daniel Rypl and Bo\check{r}ek Patz\'ak},
  title = {From the finite element analysis to the isogeometric analysis in
	an object oriented computing environment },
  journal = {Adv. Engrg. Softw.},
  year = {2012},
  volume = {44},
  pages = {116 - 125},
  number = {1},
  fjournal = {Advances in Engineering Software },
  issn = {0965-9978}
}

@ARTICLE{RP12b,
  author = {Daniel Rypl and Bo\check{r}ek Patz\'ak},
  title = {Object oriented implementation of the {T}-spline based isogeometric
	analysis },
  journal = {Adv. Engrg. Softw.},
  year = {2012},
  volume = {50},
  pages = {137 - 149},
  number = {0},
  fjournal = {Advances in Engineering Software },
  issn = {0965-9978}
}

@BOOK{Saad_book,
  title = {Iterative methods for sparse linear systems},
  publisher = {Society for Industrial and Applied Mathematics},
  year = {2003},
  author = {Saad, Yousef},
  pages = {xviii+528},
  address = {Philadelphia, PA},
  edition = {Second},
  isbn = {0-89871-534-2},
  mrclass = {65-01 (65F10 65F50)},
  mrnumber = {MR1990645 (2004h:65002)},
  mrreviewer = {Arnold Reusken}
}

@ARTICLE{Sar87,
  author = {J. Sarvas},
  title = {Basic mathematical and electromagnetic concepts of the biomagnetic
	inverse problem},
  journal = {Phys. Med. Biol.},
  year = {1987},
  volume = {32},
  pages = {11--22},
  number = {1}
}

@ARTICLE{Schillinger2012116,
  author = {Dominik Schillinger and Luca Ded\`e and Michael A. Scott and John
	A. Evans and Michael J. Borden and Ernst Rank and Thomas J.R. Hughes},
  title = {An isogeometric design-through-analysis methodology based on adaptive
	hierarchical refinement of {NURBS}, immersed boundary methods, and
	{T}-spline {CAD} surfaces },
  journal = {Comput. Methods Appl. Mech. Engrg. },
  year = {2012},
  volume = {249-252},
  pages = {116 - 150},
  fjournal = {Computer Methods in Applied Mechanics and Engineering },
  issn = {0045-7825}
}

@ARTICLE{SERSH13,
  author = {Schillinger, D. and Evans, J.A. and Reali, A. and Scott, M.A. and
	~Hughes,T.J.R.},
  title = {Isogeometric collocation: cost comparison with {G}alerkin methods
	and extension to adaptive hierarchical {NURBS} discretizations},
  journal = {Comput. Methods Appl. Mech. Engrg. },
  year = {2013},
  volume = {267},
  pages = {170 - 232},
  fjournal = {Computer Methods in Applied Mechanics and Engineering },
  issn = {0045-7825}
}

@BOOK{Schumi,
  title = {Spline functions: basic theory},
  publisher = {Cambridge University Press},
  year = {2007},
  author = {Schumaker, Larry L.},
  pages = {xvi+582},
  series = {Cambridge Mathematical Library},
  address = {Cambridge},
  edition = {Third},
  isbn = {978-0-521-70512-7},
  mrclass = {41-02 (41A15 65D07)},
  mrnumber = {MR2348176 (2008i:41002)}
}

@BOOK{Schwab_book,
  title = {{$p$}- and {$hp$}-finite element methods},
  publisher = {The Clarendon Press Oxford University Press},
  year = {1998},
  author = {Schwab, Ch.},
  pages = {xii+374},
  series = {Numerical Mathematics and Scientific Computation},
  address = {New York},
  note = {Theory and applications in solid and fluid mechanics},
  isbn = {0-19-850390-3},
  mrclass = {65-02 (65M60 65N30 74S05 76M10)},
  mrnumber = {MR1695813 (2000d:65003)},
  mrreviewer = {G. W. Hedstrom}
}

@ARTICLE{Schweitzer,
  author = {M.A. Schweitzer},
  title = {A Parallel Multilevel Partition of Unity Method for Elliptic Partial
	Differential Equations},
  year = {2003},
  booktitle = {Lecture Notes in Computational Science and Engineering},
  publisher = {Springer}
}

@PHDTHESIS{Scott,
  author = {Scott, M.A.},
  title = {T-splines as a design-through-analysis technology},
  school = {The University of Texas at Austin},
  year = {2011}
}

@ARTICLE{Scott2011126,
  author = {Scott, M.A. and Borden, M.J. and Verhoosel, C.V. and Sederberg, T.W.
	and Hughes, T. J. R. },
  title = {Isogeometric finite element data structures based on {B\'e}zier extraction
	of {T}-splines},
  journal = {Internat. J. Numer. Methods Engrg.},
  year = {2011},
  volume = {88},
  pages = {126-156},
  number = {2},
  document_type = {Article},
  fjournal = {International Journal for Numerical Methods in Engineering},
  source = {Scopus}
}

@ARTICLE{Scott_Li_Sederberg_Hughes,
  author = {M.A. Scott and X. Li and T.W. Sederberg and T. J. R. Hughes},
  title = {Local refinement of analysis-suitable {T}-splines},
  journal = {Comput. Methods Appl. Mech. Engrg.},
  year = {2012},
  volume = {213 - 216},
  pages = {206 - 222},
  fjournal = {Computer Methods in Applied Mechanics and Engineering},
  issn = {0045-7825}
}

@ARTICLE{Sederberg_Cardon,
  author = {Sederberg, T.W. and Cardon, D.L. and Finnigan, G.T. and North, N.S.
	and Zheng, J. and Lyche, T.},
  title = {T-spline simplification and local refinement},
  journal = {ACM Trans. Graph.},
  year = {2004},
  volume = {23},
  pages = {276--283},
  number = {3},
  fjournal = {ACM Transactions on Graphics}
}

@ARTICLE{Sederberg_Zheng,
  author = {Sederberg, T.W. and Zheng, J. and Bakenov, A. and Nasri, A.},
  title = {T-splines and {T-NURCCS}s},
  journal = {ACM Trans. Graph.},
  year = {2003},
  volume = {22},
  pages = {477--484},
  number = {3},
  fjournal = {ACM Transactions on Graphics}
}

@INPROCEEDINGS{MR1772925,
  author = {Shen, Jie and Wang, Feng and Xu, Jinchao},
  title = {A finite element multigrid preconditioner for {C}hebyshev-collocation
	methods},
  booktitle = {Proceedings of the Fourth International Conference on Spectral and
	High Order Methods (ICOSAHOM 1998) (Herzliya)},
  year = {2000},
  volume = {33},
  number = {1-4},
  pages = {471--477},
  coden = {ANMAEL},
  fjournal = {Applied Numerical Mathematics. An IMACS Journal},
  issn = {0168-9274},
  journal = {Appl. Numer. Math.},
  mrclass = {65M70 (65F30)},
  mrnumber = {MR1772925}
}

@INCOLLECTION{MR1661553,
  author = {Shen, Ling and Xu, Jinchao},
  title = {On a {S}chur complement operator arisen from {N}avier-{S}tokes equations
	and its preconditioning},
  booktitle = {Advances in computational mathematics (Guangzhou, 1997)},
  publisher = {Dekker},
  year = {1999},
  volume = {202},
  series = {Lecture Notes in Pure and Appl. Math.},
  pages = {481--490},
  address = {New York},
  mrclass = {76M25 (65M06 76D05)},
  mrnumber = {MR1661553 (99i:76129)}
}

@INCOLLECTION{MR2039574,
  author = {Shu, Shi and Xu, Jinchao and Xiao, Yingxiong and Zikatanov, Ludmil},
  title = {Algebraic multigrid method on lattice block materials},
  booktitle = {Recent progress in computational and applied PDEs (Zhangjiajie, 2001)},
  publisher = {Kluwer/Plenum, New York},
  year = {2002},
  pages = {289--307},
  mrclass = {65F10 (74S30)},
  mrnumber = {MR2039574 (2004m:65042)}
}

@ARTICLE{SpMaPeSa12,
  author = {Speleers, Hendrik and Manni, Carla and Pelosi, Francesca and Sampoli,
	M. Lucia},
  title = {Isogeometric analysis with {P}owell-{S}abin splines for advection-diffusion-reaction
	problems},
  journal = {Comput. Methods Appl. Mech. Engrg.},
  year = {2012},
  volume = {221/222},
  pages = {132--148},
  coden = {CMMECC},
  fjournal = {Computer Methods in Applied Mechanics and Engineering},
  issn = {0045-7825},
  mrclass = {65D17 (65N30)},
  mrnumber = {2913954}
}

@MISC{NT,
  author = {Spink, M.},
  title = {{NURBS} toolbox},
  howpublished = {\url{http://www.aria.uklinux.net/nurbs.php3}, \url{http://octave.sourceforge.net/nurbs/index.html}},
  date-modified = {2010-10-10 17:04:11 +0200}
}

@ARTICLE{Strouboulis_Copps_Babuska3,
  author = {Strouboulis, T. and Babu{\v{s}}ka, I. and Copps, K.},
  title = {The design and analysis of the generalized finite element method},
  journal = {Comput. Methods Appl. Mech. Engrg.},
  year = {2000},
  volume = {181},
  pages = {43--69},
  number = {1-3},
  fjournal = {Computer Methods in Applied Mechanics and Engineering}
}

@ARTICLE{Strouboulis_Copps_Babuska1,
  author = {Strouboulis, T. and Copps, K. and Babu{\v{s}}ka, I.},
  title = {The generalized finite element method},
  journal = {Comput. Methods Appl. Mech. Engrg.},
  year = {2001},
  volume = {190},
  pages = {4081--4193},
  number = {32-33},
  fjournal = {Computer Methods in Applied Mechanics and Engineering}
}

@ARTICLE{Strouboulis_Copps_Babuska2,
  author = {Strouboulis, T. and Copps, K. and Babu{\v{s}}ka, I.},
  title = {The generalized finite element method: an example of its implementation
	and illustration of its performance},
  journal = {Internat. J. Numer. Methods Engrg.},
  year = {2000},
  volume = {47},
  pages = {1401--1417},
  number = {8},
  fjournal = {International Journal for Numerical Methods in Engineering}
}

@ARTICLE{Strouboulis_Zhang_Babuska_2004,
  author = {T. Strouboulis and L. Zhang and I. Babu\v{s}ka},
  title = {$p$-version of the generalized FEM using mesh-based handbooks with
	applications to multiscale problems},
  journal = {Internat. J. Numer. Methods Engrg.},
  year = {2004},
  volume = {60},
  pages = {1639--1672}
}

@ARTICLE{Takacs_Juttler,
  author = {T. Takacs and B. J\"uttler},
  title = {Existence of stiffness matrix integrals for singularly parameterized
	domains in isogeometric analysis },
  fjournal = {Computer Methods in Applied Mechanics and Engineering },
  journal = {Comput. Methods Appl. Mech. Engrg.},
  year = {2011},
  volume = {200},
  pages = {3568-3582},
  number = {49--52},
  issn = {0045-7825},
}

@ARTICLE{Takacs_Juttler2,
  author = {T. Takacs and B. J\"uttler},
  title = {regularity properties of singular parameterizations in isogeometric
	analysis },
  fjournal = {Graphical Models },
  journal = {Graph. Models},
  year = {2012},
  volume = {74},
  pages = {361 - 372},
  number = {6},
  issn = {1524-0703},
}

@INCOLLECTION{MR2004071,
  author = {Tai, X.-C. and Heimsund, B. and Xu, J.},
  title = {Rate of convergence for parallel subspace correction methods for
	nonlinear variational inequalities},
  booktitle = {Domain decomposition methods in science and engineering (Lyon, 2000)},
  publisher = {Internat. Center Numer. Methods Eng. (CIMNE), Barcelona},
  year = {2002},
  series = {Theory Eng. Appl. Comput. Methods},
  pages = {127--138},
  mrclass = {49M25 (65N30 65N55 90C30)},
  mrnumber = {MR2004071}
}

@ARTICLE{MR1862990,
  author = {Tai, Xue-Cheng and Xu, Jinchao},
  title = {Global and uniform convergence of subspace correction methods for
	some convex optimization problems},
  journal = {Math. Comp.},
  year = {2002},
  volume = {71},
  pages = {105--124 (electronic)},
  number = {237},
  coden = {MCMPAF},
  fjournal = {Mathematics of Computation},
  issn = {0025-5718},
  mrclass = {65K10 (65J15 65N22 65N55)},
  mrnumber = {MR1862990 (2002h:65097)}
}

@INCOLLECTION{MR1827418,
  author = {Tai, Xue-Cheng and Xu, Jinchao},
  title = {Subspace correction methods for convex optimization problems},
  booktitle = {Eleventh International Conference on Domain Decomposition Methods
	(London, 1998)},
  publisher = {DDM.org, Augsburg},
  year = {1999},
  pages = {130--139 (electronic)},
  mrclass = {49M25 (65K10)},
  mrnumber = {MR1827418}
}

@ARTICLE{VB10,
  author = {V\'{a}zquez, R. and Buffa, A.},
  title = {Isogeometric Analysis for Electromagnetic Problems},
  journal = {Magnetics, IEEE Transactions on},
  year = {2010},
  volume = {46},
  pages = {3305 -3308},
  number = {8},
  issn = {0018-9464}
}

@ARTICLE{VSdBH11,
  author = {Verhoosel, C. V. and Scott, M. and de Borst, R. and Hughes, T. J.
	R.},
  title = {An isogeometric approach to cohesive zone modeling},
  journal = {Internat. J. Numer. Methods Engrg.},
  year = {2010},
  doi = {10.1002/nme.3061},
  fjournal = {International Journal for Numerical Methods in Engineering}
}

@ARTICLE{Vuong_giannelli_juttler_simeon,
  author = { Vuong,A.-V. and Giannelli, C. and J\"uttler, B. and Simeon, B.},
  title = { A hierarchical approach to adaptive local refinement in isogeometric
	analysis},
  journal = {Comput. Methods Appl. Mech. Engrg.},
  year = {2011},
  volume = {200},
  pages = {3554--3567},
  number = {49-52},
  coden = {CMMECC},
  fjournal = {Computer Methods in Applied Mechanics and Engineering},
  issn = {0045-7825}
}

@ARTICLE{VHB10,
  author = {A.-V. Vuong and Ch. Heinrich and B. Simeon},
  title = {ISOGAT: A 2D tutorial MATLAB code for Isogeometric Analysis},
  journal = {Computer Aided Geometric Design},
  year = {2010},
  volume = {27},
  pages = {644 - 655},
  number = {8},
  doi = {10.1016/j.cagd.2010.06.006},
  issn = {0167-8396},
  keywords = {Tutorial code}
}

@ARTICLE{Wall_Frenzel_Cyron,
  author = {Wall, W. A. and Frenzel, M. A. and Cyron, C.},
  title = {Isogeometric structural shape optimization},
  journal = {Comput. Methods Appl. Mech. Engrg.},
  year = {2008},
  volume = {197},
  pages = {2976--2988},
  fjournal = {Computer Methods in Applied Mechanics and Engineering},
}

@ARTICLE{WX10,
  author = {Dongdong Wang and Junchang Xuan},
  title = {An improved {NURBS}-based isogeometric analysis with enhanced treatment
	of essential boundary conditions},
  journal = {Comput. Methods Appl. Mech. Engrg.},
  year = {2010},
  volume = {199},
  pages = {2425 - 2436},
  number = {37-40},
  issn = {0045-7825}
}

@ARTICLE{MR1718671,
  author = {Wang, Feng and Xu, Jinchao},
  title = {A crosswind block iterative method for convection-dominated problems},
  journal = {SIAM J. Sci. Comput.},
  year = {1999},
  volume = {21},
  pages = {620--645 (electronic)},
  number = {2},
  fjournal = {SIAM Journal on Scientific Computing},
  issn = {1064-8275},
  mrclass = {65N22 (65N30 76M10 76R99)},
  mrnumber = {MR1718671 (2000h:65156)},
  mrreviewer = {Dennis C. Jespersen}
}

@ARTICLE{Wang2011477,
  author = {Wang, W. and Zhang, Y. and Scott, M.A. and Hughes, T. J. R. },
  title = {Converting an unstructured quadrilateral mesh to a standard {T}-spline
	surface},
  journal = {Comput. Mech.},
  year = {2011},
  volume = {48},
  pages = {477-498},
  number = {4},
  document_type = {Article},
  fjournal = {Computational Mechanics},
  source = {Scopus}
}

@ARTICLE{Wang2013351,
  author = {Wenyan Wang and Yongjie Zhang and Lei Liu and Thomas J.R. Hughes},
  title = {Trivariate solid {T}-spline construction from boundary triangulations
	with arbitrary genus topology },
  journal = {Comput. Aided Design.},
  fjournal = {Computer-Aided Design },
  year = {2013},
  volume = {45},
  pages = {351 - 360},
  number = {2},
  issn = {0010-4485},
}

@BOOK{Washizu,
  title = {Variational methods in elasticity and plasticity},
  publisher = {Pergamon Press},
  year = {1975},
  author = {Washizu, Kyuichiro},
  pages = {xii+412},
  address = {Oxford},
  edition = {Second},
  note = {With a foreword by R. L. Bisplinghoff, International Series of Monographs
	in Aeronautics and Astronautics, Division I: Solid and Structural
	Mechanics, Vol. 9},
  mrclass = {73.49},
  mrnumber = {MR0391680 (52 \#12500)}
}

@ARTICLE{Weber,
  author = {Weber, Ch.},
  title = {A local compactness theorem for {M}axwell's equations},
  journal = {Math. Methods Appl. Sci.},
  year = {1980},
  volume = {2},
  pages = {12--25},
  number = {1},
  fjournal = {Mathematical Methods in the Applied Sciences},
  issn = {0170-4214},
  mrclass = {78A25 (35P25 78A45)},
  mrnumber = {MR561375 (81f:78005)},
  mrreviewer = {D. L. Colton}
}

@ARTICLE{Wells_Borst_Sluys_2002,
  author = {G.N. Wells and R. de Borst and L.J. Sluys},
  title = {A consistent geometrically non-linear approach for delamination},
  journal = {Internat. J. Numer. Meth. Engrg.},
  year = {2002},
  volume = {54},
  pages = {1333--1355}
}

@INPROCEEDINGS{WIW98,
  author = {C. Wieners and B. Wohlmuth},
  title = {The coupling of mixed and conforming finite element discretizations},
  booktitle = {Domain {D}ecomposition {M}ethods 10},
  year = {1998},
  editor = {J. Mandel and C. Farhat and X.C. Cai},
  pages = {453--459}
}

@ARTICLE{static,
  author = {Wilson, Edward L.},
  title = {The static condensation algorithm},
  fjournal = {International Journal for Numerical Methods in Engineering},
  journal = {Internat. J. Numer. Methods Engrg.},
  year = {1974},
  volume = {8},
  pages = {198 - 203},
  number = {1},
  issn = {1097-0207},
  publisher = {John Wiley \& Sons, Ltd},
}

@BOOK{WOH01,
  title = {Discretization {T}echniques and {I}terative {S}olvers {B}ased on
	{D}omain {D}ecomposition},
  publisher = {Springer},
  year = {2001},
  author = {B. Wohlmuth},
  address = {Heidelberg}
}

@INCOLLECTION{MR2039578,
  author = {Wu, Jinbiao and Xu, Jinchao},
  title = {Modeling and simulations for electrochemical power systems},
  booktitle = {Recent progress in computational and applied PDEs (Zhangjiajie, 2001)},
  publisher = {Kluwer/Plenum, New York},
  year = {2002},
  pages = {365--381},
  mrclass = {78A55},
  mrnumber = {MR2039578}
}

@ARTICLE{MR2036980,
  author = {Xiao, Ying Xiong and Shu, Shi and Zhang, Ping Wen and Mo, Ze Yao
	and Xu, Jin Chao},
  title = {A kind of semi-coarsing {AMG} method for two-dimensional energy equations
	with three temperatures},
  journal = {J. Numer. Methods Comput. Appl.},
  year = {2003},
  volume = {24},
  pages = {293--303},
  number = {4},
  fjournal = {Journal on Numerical Methods and Computer Applications. Shuzhi Jisuan
	yu Jisuanji Yingyong},
  issn = {1000-3266},
  mrclass = {65F10 (80M20)},
  mrnumber = {MR2036980 (2005b:65035)},
  mrreviewer = {Guo Liang Chen}
}

@ARTICLE{Xu_2003,
  author = {Xu, J.},
  title = {Lecture note on Multigrid},
  year = {2003}
}

@ARTICLE{MR1820880,
  author = {Xu, Jinchao},
  title = {The method of subspace corrections},
  journal = {J. Comput. Appl. Math.},
  year = {2001},
  volume = {128},
  pages = {335--362},
  number = {1-2},
  note = {Numerical analysis 2000, Vol. VII, Partial differential equations},
  coden = {JCAMDI},
  fjournal = {Journal of Computational and Applied Mathematics},
  issn = {0377-0427},
  mrclass = {65N30 (65F10 65N12)},
  mrnumber = {MR1820880 (2001k:65175)},
  mrreviewer = {Hideo Yamagata}
}

@INCOLLECTION{MR1661962,
  author = {Xu, Jinchao},
  title = {An introduction to multigrid convergence theory},
  booktitle = {Iterative methods in scientific computing (Hong Kong, 1995)},
  publisher = {Springer},
  year = {1997},
  pages = {169--241},
  address = {Singapore},
  mrclass = {65M55 (65N55)},
  mrnumber = {MR1661962}
}

@INCOLLECTION{Xu_1997,
  author = {Xu, Jinchao},
  title = {An introduction to multilevel methods},
  booktitle = {Wavelets, multilevel methods and elliptic PDEs (Leicester, 1996)},
  publisher = {Oxford Univ. Press},
  year = {1997},
  series = {Numer. Math. Sci. Comput.},
  pages = {213--302},
  address = {New York}
}

@ARTICLE{JXu_aux,
  author = {Xu, J.},
  title = {The auxiliary space method and optimal multigrid preconditioning
	techniques for unstructured grids},
  journal = {Computing},
  year = {1996},
  volume = {56},
  pages = {215--235},
  number = {3},
  note = {International GAMM-Workshop on Multi-level Methods (Meisdorf, 1994)},
  coden = {CMPTA2},
  fjournal = {Computing. Archives for Scientific Computing},
  issn = {0010-485X},
  mrclass = {65N55 (65F10 65N30)},
  mrnumber = {MR1393008 (97d:65062)}
}

@ARTICLE{MR1411848,
  author = {Xu, Jinchao},
  title = {Two-grid discretization techniques for linear and nonlinear {PDE}s},
  journal = {SIAM J. Numer. Anal.},
  year = {1996},
  volume = {33},
  pages = {1759--1777},
  number = {5},
  coden = {SJNAAM},
  fjournal = {SIAM Journal on Numerical Analysis},
  issn = {0036-1429},
  mrclass = {65N30 (65G99 65N55)},
  mrnumber = {MR1411848 (97i:65169)},
  mrreviewer = {Beny Neta}
}

@ARTICLE{MR1257166,
  author = {Xu, Jinchao},
  title = {A novel two-grid method for semilinear elliptic equations},
  journal = {SIAM J. Sci. Comput.},
  year = {1994},
  volume = {15},
  pages = {231--237},
  number = {1},
  coden = {SJOCE3},
  fjournal = {SIAM Journal on Scientific Computing},
  issn = {1064-8275},
  mrclass = {65N30},
  mrnumber = {MR1257166 (94m:65178)},
  mrreviewer = {Luciano Biasini}
}

@INCOLLECTION{MR1262608,
  author = {Xu, Jinchao},
  title = {Some two-grid finite element methods},
  booktitle = {Domain decomposition methods in science and engineering (Como, 1992)},
  publisher = {Amer. Math. Soc.},
  year = {1994},
  volume = {157},
  series = {Contemp. Math.},
  pages = {79--87},
  address = {Providence, RI},
  mrclass = {65N30},
  mrnumber = {MR1262608 (95a:65192)},
  mrreviewer = {Robert Beauwens}
}

@ARTICLE{JXu_SIAM_Review,
  author = {Xu, Jinchao},
  title = {Iterative methods by space decomposition and subspace correction},
  journal = {SIAM Rev.},
  year = {1992},
  volume = {34},
  pages = {581--613},
  number = {4},
  coden = {SIREAD},
  fjournal = {SIAM Review. A Publication of the Society for Industrial and Applied
	Mathematics},
  issn = {0036-1445},
  mrclass = {65F10 (65M55 65M60 65N30 65N55)},
  mrnumber = {MR1193013 (93k:65029)}
}

@ARTICLE{MR1257162,
  author = {Xu, Jinchao and Qin, Jinshui},
  title = {Some remarks on a multigrid preconditioner},
  journal = {SIAM J. Sci. Comput.},
  year = {1994},
  volume = {15},
  pages = {172--184},
  number = {1},
  coden = {SJOCE3},
  fjournal = {SIAM Journal on Scientific Computing},
  issn = {1064-8275},
  mrclass = {65N55 (65F10 65F35)},
  mrnumber = {MR1257162 (95a:65210)},
  mrreviewer = {V. D. Glushenkov}
}

@ARTICLE{MR1372010,
  author = {Xu, Jinchao and Zhang, Sheng},
  title = {Preconditioning the {P}oincar\'e-{S}teklov operator by using {G}reen's
	function},
  journal = {Math. Comp.},
  year = {1997},
  volume = {66},
  pages = {125--138},
  number = {217},
  coden = {MCMPAF},
  fjournal = {Mathematics of Computation},
  issn = {0025-5718},
  mrclass = {65N55},
  mrnumber = {MR1372010 (97c:65208)},
  mrreviewer = {Timothy Nigel Phillips}
}

@ARTICLE{MR2047081,
  author = {Xu, Jinchao and Zhang, Zhimin},
  title = {Analysis of recovery type a posteriori error estimators for mildly
	structured grids},
  journal = {Math. Comp.},
  year = {2004},
  volume = {73},
  pages = {1139--1152 (electronic)},
  number = {247},
  coden = {MCMPAF},
  fjournal = {Mathematics of Computation},
  issn = {0025-5718},
  mrclass = {65N15 (65N30)},
  mrnumber = {MR2047081 (2005f:65141)},
  mrreviewer = {Stephen W. Brady}
}

@INCOLLECTION{MR1940621,
  author = {Xu, Jinchao and Zhou, Aihui},
  title = {Some multiscale methods for partial differential equations},
  booktitle = {Recent advances in numerical methods for partial differential equations
	and applications (Knoxville, TN, 2001)},
  publisher = {Amer. Math. Soc.},
  year = {2002},
  volume = {306},
  series = {Contemp. Math.},
  pages = {1--27},
  address = {Providence, RI},
  mrclass = {65N55 (35J25 65N25 65N30)},
  mrnumber = {MR1940621 (2004a:65175)},
  mrreviewer = {Alessandro Veneziani}
}

@ARTICLE{MR2008551,
  author = {Xu, Jinchao and Zhou, Aihui},
  title = {Local and parallel finite element algorithms for eigenvalue problems},
  journal = {Acta Math. Appl. Sin. Engl. Ser.},
  year = {2002},
  volume = {18},
  pages = {185--200},
  number = {2},
  fjournal = {Acta Mathematicae Applicatae Sinica. English Series},
  issn = {0168-9673},
  mrclass = {65N25 (65N30)},
  mrnumber = {MR2008551 (2004m:65184)},
  mrreviewer = {So-Hsiang Chou}
}

@ARTICLE{MR1677419,
  author = {Xu, Jinchao and Zhou, Aihui},
  title = {A two-grid discretization scheme for eigenvalue problems},
  journal = {Math. Comp.},
  year = {2001},
  volume = {70},
  pages = {17--25},
  number = {233},
  coden = {MCMPAF},
  fjournal = {Mathematics of Computation},
  issn = {0025-5718},
  mrclass = {65N25 (65R20)},
  mrnumber = {MR1677419 (2001f:65130)},
  mrreviewer = {K. Najzar}
}

@ARTICLE{MR1865099,
  author = {Xu, Jinchao and Zhou, Aihui},
  title = {Local and parallel finite element algorithms based on two-grid discretizations
	for nonlinear problems},
  journal = {Adv. Comput. Math.},
  year = {2001},
  volume = {14},
  pages = {293--327},
  number = {4},
  fjournal = {Advances in Computational Mathematics},
  issn = {1019-7168},
  mrclass = {65N30 (65N50)},
  mrnumber = {MR1865099 (2002h:65198)}
}

@ARTICLE{MR1654026,
  author = {Xu, Jinchao and Zhou, Aihui},
  title = {Local and parallel finite element algorithms based on two-grid discretizations},
  journal = {Math. Comp.},
  year = {2000},
  volume = {69},
  pages = {881--909},
  number = {231},
  coden = {MCMPAF},
  fjournal = {Mathematics of Computation},
  issn = {0025-5718},
  mrclass = {65Nxx (65F10)},
  mrnumber = {MR1654026 (2000j:65102)},
  mrreviewer = {Svetozar D. Margenov}
}

@INCOLLECTION{MR1827419,
  author = {Xu, Jinchao and Zhou, Aihui},
  title = {Some local and parallel properties of finite element discretizations},
  booktitle = {Eleventh International Conference on Domain Decomposition Methods
	(London, 1998)},
  publisher = {DDM.org, Augsburg},
  year = {1999},
  pages = {140--147 (electronic)},
  mrclass = {65N30 (65N12)},
  mrnumber = {MR1827419}
}

@ARTICLE{MR2097099,
  author = {Xu, Jinchao and Zikatanov, Ludmil},
  title = {On an energy minimizing basis for algebraic multigrid methods},
  journal = {Comput. Vis. Sci.},
  year = {2004},
  volume = {7},
  pages = {121--127},
  number = {3-4},
  fjournal = {Computing and Visualization in Science},
  issn = {1432-9360},
  mrclass = {65F10},
  mrnumber = {MR2097099}
}

@ARTICLE{MR1971217,
  author = {Xu, Jinchao and Zikatanov, Ludmil},
  title = {Some observations on {B}abu\v ska and {B}rezzi theories},
  journal = {Numer. Math.},
  year = {2003},
  volume = {94},
  pages = {195--202},
  number = {1},
  coden = {NUMMA7},
  fjournal = {Numerische Mathematik},
  issn = {0029-599X},
  mrclass = {65N30 (65N15)},
  mrnumber = {MR1971217 (2004a:65160)},
  mrreviewer = {Srinivasan Kesavan}
}

@INCOLLECTION{Xu_Zikatanov_2003,
  author = {J. Xu and L. Zikatanov},
  title = {On multigrid methods for generalized finite element methods},
  booktitle = {Meshfree methods for partial differential equations (Bonn, 2001)},
  publisher = {Springer},
  year = {2003},
  volume = {26},
  series = {Lect. Notes Comput. Sci. Eng.},
  pages = {401--418},
  address = {Berlin}
}

@ARTICLE{Xu_Zikatanov_2002,
  author = {J. Xu and L. Zikatanov},
  title = {The method of alternating projections and the method of subspace
	corrections in {H}ilbert space},
  journal = {J. Amer. Math. Soc.},
  year = {2002},
  volume = {15},
  pages = {573--597 (electronic)},
  number = {3},
  fjournal = {Journal of the American Mathematical Society}
}

@ARTICLE{MR1654022,
  author = {Xu, Jinchao and Zikatanov, Ludmil},
  title = {A monotone finite element scheme for convection-diffusion equations},
  journal = {Math. Comp.},
  year = {1999},
  volume = {68},
  pages = {1429--1446},
  number = {228},
  coden = {MCMPAF},
  fjournal = {Mathematics of Computation},
  issn = {0025-5718},
  mrclass = {65N30 (65N15 76M10 76Rxx)},
  mrnumber = {MR1654022 (99m:65225)},
  mrreviewer = {Martin Stynes}
}

@ARTICLE{MR1659681,
  author = {Xu, Jinchao and Zou, Jun},
  title = {Some nonoverlapping domain decomposition methods},
  journal = {SIAM Rev.},
  year = {1998},
  volume = {40},
  pages = {857--914 (electronic)},
  number = {4},
  fjournal = {SIAM Review},
  issn = {0036-1445},
  mrclass = {65N55 (65F10 65N30)},
  mrnumber = {MR1659681 (99m:65241)},
  mrreviewer = {Lutz Tobiska}
}

@ARTICLE{MR1807107,
  author = {Xu, Jin-chao and Ying, Lung-an},
  title = {Convergence of an explicit upwind finite element method to multi-dimensional
	conservation laws},
  journal = {J. Comput. Math.},
  year = {2001},
  volume = {19},
  pages = {87--100},
  number = {1},
  coden = {JCMMEB},
  fjournal = {Journal of Computational Mathematics. An International Journal on
	Numerical Methods, Analysis and Applications},
  issn = {0254-9409},
  mrclass = {65M12},
  mrnumber = {MR1807107 (2001k:65141)},
  mrreviewer = {De Kang Mao}
}

@PHDTHESIS{Zaglmayr,
  author = {Zaglmayr, S.},
  title = {{High order finite element methods for electromagnetic field computation}},
  school = {Johannes Kepler University Linz, Austria},
  year = {2006}
}

@ARTICLE{Zhang_Bazilevs_Goswami_Bajaj_Hughes,
  author = {Zhang, Y. and Bazilevs, Y. and Goswami, S. and Bajaj, C. L. and Hughes,
	T. J. R.},
  title = {Patient-specific vascular {NURBS} modeling for isogeometric analysis
	of blood flow},
  journal = {Comput. Methods Appl. Mech. Engrg.},
  year = {2007},
  volume = {196},
  pages = {2943--2959},
  number = {29-30},
  coden = {CMMECC},
  fjournal = {Computer Methods in Applied Mechanics and Engineering},
  issn = {0045-7825},
  mrclass = {92C35 (65D17 76M25 76Z05)},
  mrnumber = {MR2325400 (2008b:92031)}
}

@ARTICLE{Zhang2012,
  author = {Zhang, Yongjie and Wang, Wenyan and Hughes, Thomas J. R.},
  title = {Solid {T}-spline construction from boundary representations for genus-zero
	geometry},
  journal = {Comput. Methods Appl. Mech. Engrg.},
  year = {2012},
  volume = {249/252},
  pages = {185--197},
  coden = {CMMECC},
  fjournal = {Computer Methods in Applied Mechanics and Engineering},
  issn = {0045-7825},
  mrclass = {65D07},
  mrnumber = {3003070}
}

@ARTICLE{ZKB1977,
  author = {Zienkiewicz, O. C. and Kelly, D. W. and Bettess, P.},
  title = {The coupling of the finite element method and boundary solution procedures},
  journal = {Internat. J. Numer. Methods Engrg.},
  year = {1977},
  volume = {11},
  pages = {355--375},
  number = {2},
  fjournal = {International Journal for Numerical Methods in Engineering},
  issn = {0029-5981},
  mrclass = {65N30 (73.65)},
  mrnumber = {MR0451784 (56 \#10066)}
}

@PROCEEDINGS{MR2039553,
  title = {Recent progress in computational and applied {PDE}s},
  year = {2002},
  editor = {Chan, Tony F. and Huang, Yunqing and Tang, Tao and Xu, Jinchao},
  publisher = {Kluwer Academic/Plenum Publishers, New York},
  booktitle = {Proceedings of the International Symposium on Computational \& Applied
	PDEs held in Zhangjiajie, July 1--7, 2001},
  isbn = {0-306-47420-4},
  mrclass = {65-06},
  mrnumber = {MR2039553 (2004j:65009)},
  pages = {xvi+432}
}

@PROCEEDINGS{MR1312370,
  title = {Domain decomposition methods in scientific and engineering computing},
  year = {1994},
  editor = {Keyes, David E. and Xu, Jinchao},
  volume = {180},
  series = {Contemporary Mathematics},
  address = {Providence, RI},
  publisher = {American Mathematical Society},
  booktitle = {Proceedings of the Seventh International Conference on Domain Decomposition
	held at the Pennsylvania State University, University Park, Pennsylvania,
	October 27--30, 1993},
  isbn = {0-8218-5171-3},
  mrclass = {65-06 (00B25)},
  mrnumber = {MR1312370 (95i:65008)},
  pages = {xxviii+546}
}

@MISC{Paraview,
  title = {Para{V}iew},
  howpublished = {{ http://www.paraview.org/}}
}




@book {Prenter,
    AUTHOR = {Prenter, P. M.},
     TITLE = {Splines and variational methods},
      NOTE = {{P}ure and {A}pplied {M}athematics},
 PUBLISHER = {Wiley-Interscience [John Wiley \& Sons]},
   ADDRESS = {New York},
      YEAR = {1975},
     PAGES = {xi+323},
   MRCLASS = {65-01 (65N30)},
  MRNUMBER = {0483270 (58 \#3287)},
MRREVIEWER = {L. L. Schumaker},
}

@book {Hollig,
    AUTHOR = {H{\"o}llig, Klaus},
     TITLE = {Finite element methods with {B}-splines},
    SERIES = {Frontiers in Applied Mathematics},
    VOLUME = {26},
 PUBLISHER = {Society for Industrial and Applied Mathematics (SIAM)},
   ADDRESS = {Philadelphia, PA},
      YEAR = {2003},
     PAGES = {x+145},
      ISBN = {0-89871-533-4},
   MRCLASS = {65-02 (65N30 65N55)},
  MRNUMBER = {1952348 (2003j:65001)},
MRREVIEWER = {C. Ilioi}
}

@phdthesis{sabin_phd,
  title={Spline finite elements},
  author={Sabin, Malcolm Arthur},
  year={1997},
  school={Cambridge University}
}


@article{Pilgerstorfer2014589,
title = "Bounding the influence of domain parameterization and knot spacing on numerical stability in Isogeometric Analysis ",
journal = "Computer Methods in Applied Mechanics and Engineering ",
volume = "268",
number = "0",
pages = "589 - 613",
year = "2014",
note = "",
issn = "0045-7825",
doi = "http://dx.doi.org/10.1016/j.cma.2013.09.019",
author = "Elisabeth Pilgerstorfer and Bert JÃ¼ttler",
}
@article{Scott2014222,
title = "Isogeometric spline forests ",
journal = "Computer Methods in Applied Mechanics and Engineering ",
volume = "269",
number = "0",
pages = "222 - 264",
year = "2014",
note = "",
issn = "0045-7825",
doi = "http://dx.doi.org/10.1016/j.cma.2013.10.024",
author = "M.A. Scott and D.C. Thomas and E.J. Evans",
}
@article{Heltai2014514,
title = "Nonsingular isogeometric boundary element method for Stokes flows in 3D ",
journal = "Computer Methods in Applied Mechanics and Engineering ",
volume = "268",
number = "0",
pages = "514 - 539",
year = "2014",
note = "",
issn = "0045-7825",
doi = "http://dx.doi.org/10.1016/j.cma.2013.09.017",
author = "Luca Heltai and Marino Arroyo and Antonio DeSimone",
}
@article{Hosseini2013,
title = "An isogeometric continuum shell element for non-linear analysis ",
journal = "Computer Methods in Applied Mechanics and Engineering ",
volume = "",
pages = " - ",
year = "2013",
note = "",
issn = "0045-7825",
doi = "http://dx.doi.org/10.1016/j.cma.2013.11.023",
author = "Saman Hosseini and Joris J.C. Remmers and Clemens V. Verhoosel and RenÃ© de Borst",
}
@article{Simpson2014265,
title = "Acoustic isogeometric boundary element analysis ",
journal = "Computer Methods in Applied Mechanics and Engineering ",
volume = "269",
number = "0",
pages = "265 - 290",
year = "2014",
note = "",
issn = "0045-7825",
doi = "http://dx.doi.org/10.1016/j.cma.2013.10.026",
author = "R.N. Simpson and M.A. Scott and M. Taus and D.C. Thomas and H. Lian",
}
@article{Elguedj2014388,
title = "Isogeometric analysis of nearly incompressible large strain plasticity ",
journal = "Computer Methods in Applied Mechanics and Engineering ",
volume = "268",
number = "0",
pages = "388 - 416",
year = "2014",
note = "",
issn = "0045-7825",
doi = "http://dx.doi.org/10.1016/j.cma.2013.09.024",
author = "T. Elguedj and T.J.R. Hughes",
}
@article{Kuru2013,
title = "Goal-adaptive Isogeometric Analysis with hierarchical splines ",
journal = "Computer Methods in Applied Mechanics and Engineering ",
volume = "",
number = "0",
pages = " - ",
year = "2013",
note = "",
issn = "0045-7825",
doi = "http://dx.doi.org/10.1016/j.cma.2013.11.026",
author = "G. Kuru and C.V. Verhoosel and K.G. van der Zee and E.H. van Brummelen",
}
@article{Lin2013471,
title = "Consistency and convergence properties of the isogeometric collocation method ",
journal = "Computer Methods in Applied Mechanics and Engineering ",
volume = "267",
number = "0",
pages = "471 - 486",
year = "2013",
note = "",
issn = "0045-7825",
doi = "http://dx.doi.org/10.1016/j.cma.2013.09.025",
author = "Hongwei Lin and Qianqian Hu and Yunyang Xiong",
}
@article{Johannessen2013,
title = "Isogeometric analysis using {LR} {B}-splines ",
journal = {Comput. Methods Appl. Mech. Engrg.},
fjournal = "Computer Methods in Applied Mechanics and Engineering ",
issn = "0045-7825",
year = {2014},
volume = {269},
pages = {471 - 514},
author = "Kjetil Andr{\'e} Johannessen and Trond Kvamsdal and Tor Dokken",
}
@article{Auricchio2013113,
title = "Locking-free isogeometric collocation methods for spatial {T}imoshenko rods ",
journal = {Comput. Methods Appl. Mech. Engrg.},
fjournal = "Computer Methods in Applied Mechanics and Engineering ",
volume = "263",
pages = "113 - 126",
year = "2013",
author = "F. Auricchio and L. {Beir\~ao da Veiga} and J. Kiendl and C. Lovadina and A. Reali"
}

@article{Scott2013197,
title = "Isogeometric boundary element analysis using unstructured {T}-splines ",
journal = {Comput. Methods Appl. Mech. Engrg.},
fjournal = "Computer Methods in Applied Mechanics and Engineering ",
volume = "254",
pages = "197 - 221",
year = "2013",
note = "",
issn = "0045-7825",
author = "M.A. Scott and R.N. Simpson and J.A. Evans and S. Lipton and S.P.A. Bordas and T.J.R. Hughes and T.W. Sederberg",
}
@article{Peake201393,
title = "Extended isogeometric boundary element method (XIBEM) for two-dimensional {H}elmholtz problems ",
journal = {Comput. Methods Appl. Mech. Engrg.},
fjournal = "Computer Methods in Applied Mechanics and Engineering ",
volume = "259",
pages = "93 - 102",
year = "2013",
note = "",
issn = "0045-7825",
author = "M.J. Peake and J. Trevelyan and G. Coates",
}

@article{Dornisch2013491,
title = "Isogeometric ReissnerâMindlin shell analysis with exactly calculated director vectors ",
journal = "Computer Methods in Applied Mechanics and Engineering ",
volume = "253",
number = "0",
pages = "491 - 504",
year = "2013",
note = "",
issn = "0045-7825",
doi = "http://dx.doi.org/10.1016/j.cma.2012.09.010",
author = "W. Dornisch and S. Klinkel and B. Simeon",
}
@article{Benson2013133,
title = "Blended isogeometric shells ",
journal = {Comput. Methods Appl. Mech. Engrg.},
fjournal = "Computer Methods in Applied Mechanics and Engineering ",
volume = "255",
pages = "133 - 146",
year = "2013",
note = "",
issn = "0045-7825",
author = "D.J. Benson and S. Hartmann and Y. Bazilevs and M.-C. Hsu and T.J.R. Hughes",
}
@article{Raknes2013127,
title = "Isogeometric rotation-free bending-stabilized cables: Statics, dynamics, bending strips and coupling with shells ",
journal = "Computer Methods in Applied Mechanics and Engineering ",
volume = "263",
number = "0",
pages = "127 - 143",
year = "2013",
note = "",
issn = "0045-7825",
doi = "http://dx.doi.org/10.1016/j.cma.2013.05.005",
author = "S.B. Raknes and X. Deng and Y. Bazilevs and D.J. Benson and K.M. Mathisen and T. Kvamsdal",
}
@article{Echter2013170,
title = "A hierarchic family of isogeometric shell finite elements ",
journal = "Computer Methods in Applied Mechanics and Engineering ",
volume = "254",
number = "0",
pages = "170 - 180",
year = "2013",
note = "",
issn = "0045-7825",
doi = "http://dx.doi.org/10.1016/j.cma.2012.10.018",
author = "R. Echter and B. Oesterle and M. Bischoff",
}
@article{Temizer2012115,
title = "Three-dimensional mortar-based frictional contact treatment in isogeometric analysis with {NURBS}",
journal = {Comput. Methods Appl. Mech. Engrg.},
fjournal = "Computer Methods in Applied Mechanics and Engineering ",
volume = "209--212",
pages = "115 - 128",
year = "2012",
issn = "0045-7825",
author = "{\.I}. Temizer and P. Wriggers and T.J.R. Hughes",
}
@article{Bouclier2012144,
title = "Locking free isogeometric formulations of curved thick beams ",
journal = "Computer Methods in Applied Mechanics and Engineering ",
volume = "245â246",
number = "0",
pages = "144 - 162",
year = "2012",
note = "",
issn = "0045-7825",
doi = "http://dx.doi.org/10.1016/j.cma.2012.06.008",
author = "Robin Bouclier and Thomas Elguedj and Alain Combescure",
}
@article{Temizer20111100,
title = "Contact treatment in isogeometric analysis with \{NURBS\} ",
journal = "Computer Methods in Applied Mechanics and Engineering ",
volume = "200",
number = "9â12",
pages = "1100 - 1112",
year = "2011",
note = "",
issn = "0045-7825",
doi = "http://dx.doi.org/10.1016/j.cma.2010.11.020",
author = "Ä°. Temizer and P. Wriggers and T.J.R. Hughes",
}
@article{Xu20112021,
title = "Parameterization of computational domain in isogeometric analysis: Methods and comparison ",
JOURNAL = {Comput. Methods Appl. Mech. Engrg.},
fjournal = "Computer Methods in Applied Mechanics and Engineering ",
volume = "200",
number = "23--24",
pages = "2021 - 2031",
year = "2011",
note = "",
issn = "0045-7825",
author = "Gang Xu and Bernard Mourrain and RÃ©gis Duvigneau and AndrÃ© Galligo",
}
@article{Benson20111367,
title = "A large deformation, rotation-free, isogeometric shell ",
journal = {Comput. Methods Appl. Mech. Engrg.},
fjournal = "Computer Methods in Applied Mechanics and Engineering ",
volume = "200",
number = "13-16",
pages = "1367 - 1378",
year = "2011",
note = "",
issn = "0045-7825",
author = "D.J. Benson and Y. Bazilevs and M.-C. Hsu and T.J.R. Hughes",
}
@article{Kiendl20102403,
title = "The bending strip method for isogeometric analysis of {K}irchhoff--{L}ove shell structures comprised of multiple patches ",
journal = {Comput. Methods Appl. Mech. Engrg.},
fjournal = "Computer Methods in Applied Mechanics and Engineering ",
volume = "199",
number = "37-40",
pages = "2403 - 2416",
year = "2010",
note = "",
issn = "0045-7825",
author = "J. Kiendl and Y. Bazilevs and M.-C. Hsu and R. W{\"u}chner and K.-U. Bletzinger",
}

@article{Bouclier201386,
title = "Efficient isogeometric NURBS-based solid-shell elements: Mixed formulation and -method ",
journal = "Computer Methods in Applied Mechanics and Engineering ",
volume = "267",
number = "0",
pages = "86 - 110",
year = "2013",
note = "",
issn = "0045-7825",
doi = "http://dx.doi.org/10.1016/j.cma.2013.08.002",
author = "Robin Bouclier and Thomas Elguedj and Alain Combescure",
}
@article{Bazilevs2010780,
title = "Isogeometric variational multiscale modeling of wall-bounded turbulent flows with weakly enforced boundary conditions on unstretched meshes ",
JOURNAL = {Comput. Methods Appl. Mech. Engrg.},
fjournal = "Computer Methods in Applied Mechanics and Engineering ",
volume = "199",
number = "13--16",
pages = "780 - 790",
year = "2010",
issn = "0045-7825",
author = "Y. Bazilevs and C. Michler and V.M. Calo and T.J.R. Hughes",
}
@article{Elguedj201140,
title = "Isogeometric analysis for strain field measurements ",
journal = "Computer Methods in Applied Mechanics and Engineering ",
volume = "200",
number = "1â4",
pages = "40 - 56",
year = "2011",
note = "",
issn = "0045-7825",
doi = "http://dx.doi.org/10.1016/j.cma.2010.07.012",
author = "Thomas Elguedj and Julien RÃ©thorÃ© and AurÃ©lien Buteri",
}

@article{Kiendl20093902,
title = "Isogeometric shell analysis with {K}irchhoff--{L}ove elements ",
journal = "Comput. Methods Appl. Mech. Engrg.",
fjournal = "Computer Methods in Applied Mechanics and Engineering ",
volume = "198",
number = "49--52",
pages = "3902 - 3914",
year = "2009",
author = "J. Kiendl and K.-U. Bletzinger and J. Linhard and R. Wuchner",
}

@article{Bornemann2013584,
title = "A subdivision-based implementation of the hierarchical {B}-spline finite element method ",
JOURNAL = {Comput. Methods Appl. Mech. Engrg.},
fjournal = "Computer Methods in Applied Mechanics and Engineering ",
volume = "253",
pages = "584 - 598",
year = "2013",
note = "",
issn = "0045-7825",
author = "P.B. Bornemann and F. Cirak",
}
@article{Speleers2013238,
title = "From \{NURBS\} to \{NURPS\} geometries ",
journal = "Computer Methods in Applied Mechanics and Engineering ",
volume = "255",
number = "0",
pages = "238 - 254",
year = "2013",
note = "",
issn = "0045-7825",
doi = "http://dx.doi.org/10.1016/j.cma.2012.11.012",
author = "Hendrik Speleers and Carla Manni and Francesca Pelosi",
}
@article{Bracco2014540,
title = "Trigonometric generalized T-splines ",
journal = "Computer Methods in Applied Mechanics and Engineering ",
volume = "268",
number = "0",
pages = "540 - 556",
year = "2014",
note = "",
issn = "0045-7825",
doi = "http://dx.doi.org/10.1016/j.cma.2013.09.015",
author = "Cesare Bracco and Dmitry Berdinsky and Durkbin Cho and Min-jae Oh and Tae-wan Kim",
}
@article{Escobar20113210,
title = "A new approach to solid modeling with trivariate T-splines based on mesh optimization ",
journal = "Computer Methods in Applied Mechanics and Engineering ",
volume = "200",
number = "45â46",
pages = "3210 - 3222",
year = "2011",
note = "",
issn = "0045-7825",
doi = "http://dx.doi.org/10.1016/j.cma.2011.07.004",
author = "J.M. Escobar and J.M. CascÃ³n and E. RodrÃ­guez and R. Montenegro",
}
@article{Rank20113200,
title = "Shell Finite Cell Method: A high order fictitious domain approach for thin-walled structures ",
journal = "Computer Methods in Applied Mechanics and Engineering ",
volume = "200",
number = "45â46",
pages = "3200 - 3209",
year = "2011",
note = "",
issn = "0045-7825",
doi = "http://dx.doi.org/10.1016/j.cma.2011.06.005",
author = "E. Rank and S. Kollmannsberger and Ch. Sorger and A. DÃ¼ster",
}

@article{Borden201277,
title = "A phase-field description of dynamic brittle fracture ",
journal = {Comput. Meth. Appl. Mech. Engrg.},
fjournal = "Computer Methods in Applied Mechanics and Engineering ",
volume = "217â220",
number = "0",
pages = "77 - 95",
year = "2012",
note = "",
issn = "0045-7825",
doi = "http://dx.doi.org/10.1016/j.cma.2012.01.008",
author = "Michael J. Borden and Clemens V. Verhoosel and Michael A. Scott and Thomas J.R. Hughes and Chad M. Landis",
}
@article{Hughes2013,
author={Hughes, T.J.R. and Evans, J.A. and Reali, A.},
title={Finite element and {NURBS} approximations of eigenvalue, boundary-value, and initial-value problems},
journal = {Comput. Meth. Appl. Mech. Engrg.},
fjournal={Computer Methods in Applied Mechanics and Engineering},
year={2014},
volume={272},
pages={290-320},
}

@article {NME:NME3048,
author = {Taylor, R. L.},
title = {Isogeometric analysis of nearly incompressible solids},
journal = {Internat. J. Numer. Methods Engrg.},
fjournal = {International Journal for Numerical Methods in Engineering},
volume = {87},
number = {1-5},
publisher = {John Wiley & Sons, Ltd.},
issn = {1097-0207},
doi = {10.1002/nme.3048},
pages = {273--288},
keywords = {isogeometric, NURBS, finite elements, near incompressibility},
year = {2011},
}
@article {NME:NME3150,
author = {Verhoosel, Clemens V. and Scott, Michael A. and Hughes, Thomas J. R. and de Borst, RenÃ©},
title = {An isogeometric analysis approach to gradient damage models},
journal = {Internat. J. Numer. Methods Engrg.},
fjournal = {International Journal for Numerical Methods in Engineering},
volume = {86},
number = {1},
publisher = {John Wiley & Sons, Ltd.},
issn = {1097-0207},
doi = {10.1002/nme.3150},
pages = {115--134},
keywords = {gradient damage models, higher order continua, isogeometric analysis, NURBS, T-splines},
year = {2011},
}
@article {NME:NME4522,
author = {Ruess, M. and Schillinger, D. and Bazilevs, Y. and Varduhn, V. and Rank, E.},
title = {Weakly enforced essential boundary conditions for NURBS-embedded and trimmed NURBS geometries on the basis of the finite cell method},
journal = {Internat. J. Numer. Methods Engrg.},
fjournal = {International Journal for Numerical Methods in Engineering},
volume = {95},
number = {10},
issn = {1097-0207},
doi = {10.1002/nme.4522},
pages = {811--846},
keywords = {NURBS, weak boundary conditions, isogeometric analysis, trimmed geometry, fictitious domain, immersed boundary, high order approximation},
year = {2013},
}

@ARTICLE{raey,
  author = {Liu, Lei and Zhang, Yongjie and Hughes, Thomas J.R. and Scott, Michael A.
	and Sederberg, Thomas W.},
  title = {Volumetric T-spline construction using Boolean operations},
  journal = {Engineering with Computers},
  year = {2013},
  pages = {1-15},
  issn = {0177-0667},
}

@article{John201443,
title = "A study of isogeometric analysis for scalar convectionâdiffusion equations ",
journal = "Applied Mathematics Letters ",
volume = "27",
number = "0",
pages = "43 - 48",
year = "2014",
note = "",
issn = "0893-9659",
doi = "http://dx.doi.org/10.1016/j.aml.2013.08.004",
author = "Volker John and Liesel Schumacher",
}

@article{Bazilevs2013224,
title = "Isogeometric analysis of Lagrangian hydrodynamics ",
journal = "Journal of Computational Physics ",
volume = "243",
number = "0",
pages = "224 - 243",
year = "2013",
note = "",
issn = "0021-9991",
doi = "http://dx.doi.org/10.1016/j.jcp.2013.02.021",
author = "Y. Bazilevs and I. Akkerman and D.J. Benson and G. Scovazzi and M.J. Shashkov",
}

@article{Liu2013321,
title = "Isogeometric analysis of the advective CahnâHilliard equation: Spinodal decomposition under shear flow ",
journal = {J. Comput. Phys.},
fjournal = "Journal of Computational Physics ",
volume = "242",
pages = "321 - 350",
year = "2013",
note = "",
issn = "0021-9991",
author = "Ju Liu and Luca Ded\'e and John A Evans and Michael J Borden and Thomas J.R. Hughes",
}

@article{Crouseilles2012373,
title = "An Isogeometric Analysis approach for the study of the gyrokinetic quasi-neutrality equation ",
journal = {J. Comput. Phys.},
fjournal = "Journal of Computational Physics ",
volume = "231",
number = "2",
pages = "373 - 393",
year = "2012",
note = "",
issn = "0021-9991",
author = "Nicolas Crouseilles and Ahmed Ratnani and Eric Sonnendr{\"u}cker",
}
@article{Akkerman20114137,
title = "Isogeometric analysis of free-surface flow ",
journal = "Journal of Computational Physics ",
volume = "230",
number = "11",
pages = "4137 - 4152",
year = "2011",
note = "<ce:title>Special issue High Order Methods for \{CFD\} Problems</ce:title> ",
issn = "0021-9991",
doi = "http://dx.doi.org/10.1016/j.jcp.2010.11.044",
author = "I. Akkerman and Y. Bazilevs and C.E. Kees and M.W. Farthing",
}
@article{Bazilevs20103402,
title = "Large eddy simulation of turbulent TaylorâCouette flow using isogeometric analysis and the residual-based variational multiscale method ",
journal = "Journal of Computational Physics ",
volume = "229",
number = "9",
pages = "3402 - 3414",
year = "2010",
note = "",
issn = "0021-9991",
doi = "http://dx.doi.org/10.1016/j.jcp.2010.01.008",
author = "Y. Bazilevs and I. Akkerman",
}
@article{Hiemstra20141444,
title = "High order geometric methods with exact conservation properties ",
journal = "Journal of Computational Physics ",
volume = "257, Part B",
number = "0",
pages = "1444 - 1471",
year = "2014",
note = "<ce:title>Physics-compatible numerical methods</ce:title> ",
issn = "0021-9991",
doi = "http://dx.doi.org/10.1016/j.jcp.2013.09.027",
author = "R.R. Hiemstra and D. Toshniwal and R.H.M. Huijsmans and M.I. Gerritsma",
}
@article{Palha20141394,
title = "Physics-compatible discretization techniques on single and dual grids, with application to the Poisson equation of volume forms ",
journal = "Journal of Computational Physics ",
volume = "257, Part B",
number = "0",
pages = "1394 - 1422",
year = "2014",
note = "<ce:title>Physics-compatible numerical methods</ce:title> ",
issn = "0021-9991",
doi = "http://dx.doi.org/10.1016/j.jcp.2013.08.005",
author = "Artur Palha and Pedro Pinto Rebelo and RenÃ© Hiemstra and Jasper Kreeft and Marc Gerritsma",
}
@article{Gomez20115310,
title = "Provably unconditionally stable, second-order time-accurate, mixed variational methods for phase-field models ",
journal = "Journal of Computational Physics ",
volume = "230",
number = "13",
pages = "5310 - 5327",
year = "2011",
note = "",
issn = "0021-9991",
doi = "http://dx.doi.org/10.1016/j.jcp.2011.03.033",
author = "Hector Gomez and Thomas J.R. Hughes",
}

@article{Xu2013812,
title = "Optimal analysis-aware parameterization of computational domain in 3{D} isogeometric analysis ",
journal = {Comput. Aided Design.},
fjournal = "Computer-Aided Design ",
volume = "45",
number = "4",
pages = "812 - 821",
year = "2013",
issn = "0010-4485",
author = "Gang Xu and Bernard Mourrain and RÃ©gis Duvigneau and AndrÃ© Galligo",
}
@article{Xu2013395,
title = "Analysis-suitable volume parameterization of multi-block computational domain in isogeometric applications ",
journal = {Comput. Aided Design.},
fjournal = "Computer-Aided Design ",
volume = "45",
number = "2",
pages = "395 - 404",
year = "2013",
issn = "0010-4485",
author = "Gang Xu and Bernard Mourrain and RÃ©gis Duvigneau and AndrÃ© Galligo",
}
@article{Grossmann2012519,
title = "Isogeometric simulation of turbine blades for aircraft engines ",
journal = "Computer Aided Geometric Design ",
volume = "29",
number = "7",
pages = "519 - 531",
year = "2012",
note = "<ce:title>Geometric Modeling and Processing 2012</ce:title> ",
issn = "0167-8396",
doi = "http://dx.doi.org/10.1016/j.cagd.2012.03.002",
author = "David GroÃmann and Bert JÃ¼ttler and Helena Schlusnus and Johannes Barner and Anh-Vu Vuong",
}
@article{Bressan2013778,
title = "Some properties of {LR}-splines ",
journal = {Comput. Aided Geom. Design.},
fjournal = "Computer Aided Geometric Design ",
volume = "30",
number = "8",
pages = "778 - 794",
year = "2013",
note = "",
issn = "0167-8396",
author = "Andrea Bressan",
}
@article{Giannelli2012485,
title = "{THB}-splines: The truncated basis for hierarchical splines ",
journal = {Comput. Aided Geom. Design.},
fjournal = "Computer Aided Geometric Design ",
volume = "29",
number = "7",
pages = "485 - 498",
year = "2012",
issn = "0167-8396",
author = "Carlotta Giannelli and Bert J{\"u}ttler and Hendrik Speleers",
}
@article{Schumaker2012599,
title = "Approximation power of polynomial splines on T-meshes ",
journal = "Computer Aided Geometric Design ",
volume = "29",
number = "8",
pages = "599 - 612",
year = "2012",
note = "",
issn = "0167-8396",
doi = "http://dx.doi.org/10.1016/j.cagd.2012.04.003",
author = "Larry L. Schumaker and Lujun Wang",
}

@article{GJS14,
year={2014},
issn={1019-7168},
fjournal={Advances in Computational Mathematics},
journal = {Adv. Comput. Math.},
volume={40},
number={2},
doi={10.1007/s10444-013-9315-2},
title={Strongly stable bases for adaptively refined multilevel spline spaces},
url={http://dx.doi.org/10.1007/s10444-013-9315-2},
publisher={Springer US},
keywords={Hierarchical splines; Truncated hierarchical basis; Partition of unity; Local refinement; Stability; 41A15; 65D07; 65D17},
author={Giannelli, Carlotta and J\"uttler, Bert and Speleers, Hendrik},
pages={459-490},
language={English}
}

@ARTICLE{Giannelli2013162,
  author = {Carlotta Giannelli and Bert J{\"u}ttler},
  title = {Bases and dimensions of bivariate hierarchical tensor-product splines
	},
  journal = {J. Comput. Appl. Math.},
  fjournal = {Journal of Computational and Applied Mathematics },
  year = {2013},
  volume = {239},
  pages = {162 - 178},
  issn = {0377-0427},
}

@article {MR1186345,
    AUTHOR = {Dahmen, Wolfgang and Kunoth, Angela},
     TITLE = {Multilevel preconditioning},
   JOURNAL = {Numer. Math.},
  FJOURNAL = {Numerische Mathematik},
    VOLUME = {63},
      YEAR = {1992},
    NUMBER = {3},
     PAGES = {315--344},
      ISSN = {0029-599X},
     CODEN = {NUMMA7},
   MRCLASS = {65F35 (41A17 41A63 65N30)},
  MRNUMBER = {1186345 (93j:65065)},
MRREVIEWER = {Guo Liang Chen},
}

@article {MR2285851,
    AUTHOR = {Maes, Jan and Kunoth, Angela and Bultheel, Adhemar},
     TITLE = {B{PX}-type preconditioners for second and fourth order
              elliptic problems on the sphere},
   JOURNAL = {SIAM J. Numer. Anal.},
  FJOURNAL = {SIAM Journal on Numerical Analysis},
    VOLUME = {45},
      YEAR = {2007},
    NUMBER = {1},
     PAGES = {206--222 (electronic)},
      ISSN = {0036-1429},
   MRCLASS = {65N22 (35J25 35J40 65F10)},
  MRNUMBER = {2285851 (2008c:65301)},
MRREVIEWER = {Gerd Rapin},
}
	


@ARTICLE{Melenk20014339,
author={Melenk, J.M. and Gerdes, K. and Schwab, C.},
title={Fully discrete hp-finite elements: Fast quadrature},
JOURNAL = {Comput. Methods Appl. Mech. Engrg.},
fjournal={Computer Methods in Applied Mechanics and Engineering},
year={2001},
volume={190},
number={32-33},
pages={4339-4364},
document_type={Article},
source={Scopus},
}




@article {MR2361475,
    AUTHOR = {Bazilevs, Y. and Calo, V. M. and Cottrell, J. A. and Hughes,
              T. J. R. and Reali, A. and Scovazzi, G.},
     TITLE = {Variational multiscale residual-based turbulence modeling for
              large eddy simulation of incompressible flows},
   JOURNAL = {Comput. Methods Appl. Mech. Engrg.},
  FJOURNAL = {Computer Methods in Applied Mechanics and Engineering},
    VOLUME = {197},
      YEAR = {2007},
    NUMBER = {1-4},
     PAGES = {173--201},
      ISSN = {0045-7825},
     CODEN = {CMMECC},
}
	

@book {MR2355272,
    AUTHOR = {Lai, Ming-Jun and Schumaker, Larry L.},
     TITLE = {Spline functions on triangulations},
    SERIES = {Encyclopedia of Mathematics and its Applications},
    VOLUME = {110},
 PUBLISHER = {Cambridge University Press},
   ADDRESS = {Cambridge},
      YEAR = {2007},
     PAGES = {xvi+592},
      ISBN = {978-0-521-87592-9; 0-521-87592-7},
}
		
@article {MR2998449,
    AUTHOR = {Speleers, Hendrik},
     TITLE = {Multivariate normalized {P}owell-{S}abin {B}-splines and
              quasi-interpolants},
   JOURNAL = {Comput. Aided Geom. Design},
  FJOURNAL = {Computer Aided Geometric Design},
    VOLUME = {30},
      YEAR = {2013},
    NUMBER = {1},
     PAGES = {2--19},
      ISSN = {0167-8396},
     CODEN = {CAGDEX},
   MRCLASS = {65D07 (41A05 41A15 65D05)},
  MRNUMBER = {2998449},
MRREVIEWER = {M. A. Fortes},
}
		

@incollection {Kraft,
    AUTHOR = {Kraft, Rainer},
     TITLE = {Adaptive and linearly independent multilevel {$B$}-splines},
 BOOKTITLE = {Surface fitting and multiresolution methods
              ({C}hamonix--{M}ont-{B}lanc, 1996)},
     PAGES = {209--218},
 PUBLISHER = {Vanderbilt Univ. Press},
   ADDRESS = {Nashville, TN},
      YEAR = {1997},
   MRCLASS = {65D07 (41A15 41A63)},
  MRNUMBER = {1659975 (2000a:65014)},
MRREVIEWER = {Hans-J{\"o}rg Wenz},
}

@article{Li-Scott,
author = {Xin Li and M. A. Scott},
title = {Analysis-suitable {T}-splines: characterization, refineability, and approximation},
journal = {Math. Models Methods Appl. Sci.},
fjournal = {Mathematical Models and Methods in Applied Sciences},
year = {2014},
note = {To appear},
doi = {10.1142/S0218202513500796},
}

@ARTICLE{Martin2010187,
author={Martin, T. and Cohen, E.},
title={Volumetric parameterization of complex objects by respecting multiple materials},
journal={Computers and Graphics (Pergamon)},
year={2010},
volume={34},
number={3},
pages={187-197},
document_type={Conference Paper},

}

@ARTICLE{Aigner200919,
author={Aigner, M. and Heinrich, C. and J\"uttler, B. and Pilgerstorfer, E. and Simeon, B. and Vuong, A.-V.},
title={Swept volume parameterization for isogeometric analysis},
journal={Lecture Notes in Computer Science},
year={2009},
volume={5654 LNCS},
pages={19-44},
document_type={Conference Paper},

}


@ARTICLE{Ruberg2012266,
author={R\"uberg, T. and Cirak, F.},
title={Subdivision-stabilised immersed {B}-spline finite elements for moving boundary flows},
JOURNAL = {Comput. Methods Appl. Mech. Engrg.},
fjournal={Computer Methods in Applied Mechanics and Engineering},
year=2012,
volume={209-212},
pages={266-283},
}


@ARTICLE{Vazquez20124757,
author={V\'azquez, R. and Buffa, A. and Di Rienzo, L.},
title={{NURBS}-Based {BEM} implementation of high-order surface impedance boundary conditions},
journal={IEEE Trans. Magn.},
fjournal={IEEE Transactions on Magnetics},
year={2012},
volume={48},
number={12},
pages={4757-4766},
}

@article{garoni2013spectrum,
  title={On the spectrum of stiffness matrices arising from isogeometric analysis},
  author={Garoni, Carlo and Manni, Carla and Pelosi, Francesca and Serra-Capizzano, Stefano and Speleers, Hendrik},
  journal={Numer. Math},
  year={2013},
  publisher={Springer},
  doi = {10.1007/s00211-013-0600-2},
  note = {To appear}
}

@article{cohen2013b,
  title={A {B}-spline-like basis for the {P}owell-{S}abin 12-split based on simplex splines},
  author={Cohen, Elaine and Lyche, Tom and Riesenfeld, Richard},
  journal={Math. Comp.},
  fjournal={Mathematics of Computation},
  volume={82},
  number={283},
  pages={1667--1707},
  year={2013}
}


@article{GCBH08,
title = "Isogeometric analysis of the Cahn-Hilliard phase field model",
journal = "Comput. Methods Appl. Mech. Engrg.",
volume = "49--50",
pages = "4333 - 4352",
year = "2008",
author = "H. G\'omez and V.M. Calo and Y. Bazilevs and T.J.R. Hughes"
}

@article{BHKWB11,
title = "3{D} simulation of wind turbine rotors at full scale. {P}art {II}: {F}luid-structure interaction modeling with composite blades",
journal = "Int. J. Num. Meth. Fluids",
volume = "65",
pages = "236 - 253",
year = "2011",
author = "Y. Bazilevs and M.-C. Hsu and J. Kiendl and R. W{\"u}chner and K.-U. Blezinger"
}

@ARTICLE{Vazquez-SIBC,
author={V\'azquez, R. and Buffa, A. and Di Rienzo, L.},
title={Isogeometric {FEM} implementation of high order surface impedance boundary conditions},
journal={IEEE Trans. Magn.},
fjournal={IEEE Transactions on Magnetics},
note = {To appear},
doi = {10.1109/TMAG.2014.2298435},
year = {2014}
}

@incollection{BSS-exponential-convergence,
year={2014},
booktitle={Spectral and High Order Methods for Partial Differential Equations - ICOSAHOM 2012},
volume={95},
series={Lecture Notes in Computational Science and Engineering},
editor={AzaÃ¯ez, Mejdi and El Fekih, Henda and Hesthaven, Jan S.},
title={Exponential Convergence of the hp Version of Isogeometric Analysis in 1D},
publisher={Springer International Publishing},
author={Buffa, Annalisa and Sangalli, Giancarlo and Schwab, Christoph},
pages={191-203}
}


@techreport{BG15,
year={2015},
author = {Buffa, Annalisa and Garau, Eduardo M.},
title={New refinable spaces and local approximation estimates for hierarchical splines}
}

@techreport{BG15b,
year={2015},
author = {Buffa, Annalisa and Garau, Eduardo M.},
title = {A posteriori error estimators for hierarchical {B}-spline discretizations}
}

@incollection{KGJ14,
year={2014},
isbn={978-3-642-54381-4},
booktitle={Mathematical Methods for Curves and Surfaces},
volume={8177},
series={Lecture Notes in Computer Science},
editor={Floater, Michael and Lyche, Tom and Mazure, Marie-Laurence and MÃ¸rken, Knut and Schumaker, Larry L.},
doi={10.1007/978-3-642-54382-1_18},
title={Algorithms and Data Structures for Truncated Hierarchical {B}-splines},
url={http://dx.doi.org/10.1007/978-3-642-54382-1_18},
publisher={Springer Berlin Heidelberg},
keywords={hierarchical tensorâproduct Bâsplines; truncated basis; THB-splines; isogeometric analysis; local refinement},
author={Kiss, G\'abor and Giannelli, Carlotta and J\"uttler, Bert},
pages={304-323},
language={English}
}
